3725 5850
996 600 1021 652 X

443 791 500 855 qun
511 766 803 832 dixitluobmsnnus
813 767 845 831 in
857 769 1122 852 praelationenoui
1132 774 1301 834 testamenti
1310 771 1416 850 toml,
1431 774 1587 856 p.qu.‚
1705 821 1706 832 ,

444 896 591 960 quamque
613 877 749 939 usitatae
772 876 892 939 nomine
914 896 931 939 a
953 876 1148 961 scriptoribus
1171 876 1384 941 ecelesiasticis
1408 881 1586 943 uocitatum

443 1006 512 1049 esse
527 993 611 1045 reete
626 981 697 1046 mibi
713 982 880 1046 nonieoisse
896 982 1015 1045 uidetur
1030 983 1073 1047 lo.
1092 981 1227 1065 Tbeopb.
1245 983 1390 1067 lireyssig
1405 985 1582 1066 (obserua-

443 1092 541 1155 tiones
557 1090 874 1173 pbilologioo-oritieae
889 1088 921 1151 in
937 1088 998 1151 lobi
1015 1111 1080 1174 cap.
1101 1089 1211 1151 XXlX
1225 1110 1307 1154 uers.
1328 1088 1465 1167 tlt-25,
1483 1091 1580 1176 Lips.

445 1196 540 1276 1802,
558 1219 587 1281 p.
604 1197 626 1261 ll
641 1201 715 1279 sip).
740 1196 917 1276 Plerumque
932 1205 1031 1257 autem
1048 1195 1220 1259 testimonia
1235 1196 1286 1258 illa
1302 1197 1339 1259 ad
1356 1195 1482 1260 uerbum
1498 1220 1582 1262 eon-

444 1306 578 1371 sentiunt
592 1324 659 1367 oum
678 1302 716 1364 iis
732 1300 837 1382 quibus
854 1300 1023 1385 Cyprianus
1043 1302 1155 1379 utitur,
1182 1324 1223 1366 ex
1238 1324 1296 1385 quo
1319 1303 1396 1366 baud
1411 1324 1482 1367 raro
1499 1328 1577 1369 cor-

443 1422 558 1497 ruptam
576 1408 686 1471 oodiois
701 1406 878 1490 scripturam
900 1408 1061 1470 emendare
1075 1408 1177 1488 licuit3
1199 1410 1294 1491 magis
1317 1409 1405 1473 etiam
1429 1432 1505 1493 quae
1528 1434 1578 1476 ex

445 1514 616 1603 apocalypsi
633 1514 726 1596 petita
743 1524 814 1578 sunt
834 1534 898 1576 oum
915 1513 1054 1577 Primasii
1074 1515 1186 1578 saeculi
1206 1519 1287 1578 sexti
1309 1516 1467 1600 scriptoris
1483 1521 1577 1584 testi-

442 1622 551 1686 moniis
567 1642 584 1685 e
599 1620 789 1685 Laobmanno
811 1620 843 1683 iu
867 1622 997 1685 editione
1011 1621 1051 1686 N.
1070 1622 1108 1684 T.
1130 1622 1272 1705 adpositis
1293 1623 1503 1688 consentiunt:
1528 1630 1572 1691 al.

443 1729 557 1813 apocal.
581 1726 650 1792 115
675 1727 737 1809 (iol.
761 1726 816 1791 25·
830 1726 864 1806 8)
888 1729 937 1792 ubi
958 1751 1026 1792 enm
1047 1729 1149 1812 optimi
1172 1729 1257 1791 codd.
1282 1730 1384 1813 graeei
1405 1731 1573 1796 exhibeant

442 1832 488 1914 ὡς
503 1832 537 1901 ἐν
551 1828 681 1922 καμίνῳ
698 1830 938 1922 πεπυρωμένης
952 1835 1043 1918 (quod
1060 1837 1276 1900 emendandum
1291 1856 1359 1899 esse
1374 1837 1496 1901 uidetur
1507 1861 1572 1903 πε-

443 1939 647 2031 πορωμένςρ),
672 1944 755 2006 latini
777 1945 861 2005 sieut
886 1946 919 2006 iu
940 1945 1062 2009 coruino
1090 1942 1232 2016 ardenti,
1263 1952 1383 2024 praeter
1404 1943 1569 2009 Firmiomn

443 2052 525 2116 solus
547 2051 711 2113 Primnsius
728 2048 850 2131 praebet
864 2050 947 2111 siout
965 2048 1004 2111 do
1020 2048 1161 2131 serrare
1175 2051 1281 2132 ignee.
1319 2049 1455 2114 Dubitari
1471 2064 1571 2135 potest

443 2155 645 2219 tantummodo
667 2155 703 2217 de
726 2152 854 2215 lectione
876 2152 1002 2216 duorum
1025 2153 1262 2217 testimoniorum
1284 2174 1325 2217 ex
1346 2157 1471 2238 epistula
1488 2158 1570 2222 lere-

442 2262 520 2323 miae
549 2260 708 2344 petitorum
739 2276 904 2341 quaenuu
935 2258 1112 2321 adhibentur
1138 2280 1154 2321 a
1182 2259 1352 2344 Cypriane,
1384 2285 1509 2346 quorum
1536 2266 1569 2329 in

442 2366 543 2451 priore
566 2364 700 2449 (epistul.
726 2365 830 2427 lerem.
854 2363 908 2445 31)
938 2366 1014 2447 apud
1037 2365 1198 2428 Firmioum
1225 2366 1274 2428 fol.
1293 2366 1359 2446 30¹,
1391 2368 1412 2432 6
1435 2370 1565 2454 legitur:

439 2468 557 2538 ‘sieut
569 2474 606 2536 in
621 2472 788 2557 gebenna
805 2463 972 2550 mortui'3
991 2473 1068 2554 quod
1084 2470 1143 2534 uisi
1155 2492 1259 2536 errore
1270 2474 1388 2539 scribae
1402 2480 1509 2541 laetum
1523 2491 1572 2543 est

443 2604 484 2645 ex
499 2602 536 2644 eo
558 2582 636 2665 quod
656 2580 776 2662 uolgata
792 2600 868 2663 quae
885 2578 942 2643 boo
963 2580 996 2642 in
1016 2580 1084 2642 loeo
1104 2599 1164 2640 non
1180 2578 1318 2643 dissentit
1339 2600 1357 2642 a
1378 2594 1483 2647 uetere
1499 2604 1568 2645 uar-

443 2690 528 2753 sione
543 2689 637 2751 latina
652 2688 774 2771 praebet
789 2708 885 2749 coeno
909 2724 951 2735 -
972 2706 1149 2769 quamquam
1172 2686 1240 2750 talis
1262 2686 1377 2749 erroris
1392 2686 1458 2751 siue
1473 2689 1567 2751 inter·

445 2795 606 2878 polationis
635 2794 761 2858 alterum
787 2794 957 2876 exemplum
981 2814 1036 2877 per
1056 2803 1151 2855 totum
1183 2792 1260 2855 bunc
1284 2794 1404 2857 Firmiei
1436 2794 1567 2858 codicem

443 2903 554 2964 frustra
566 2898 751 2982 quaesiueris
771 2937 814 2947 -
837 2900 879 2962 ita
894 2899 955 2961 erit
976 2897 1184 2981 explicandum
1208 2906 1242 2960 ut
1256 2898 1320 2982 ipse
1337 2899 1483 2966 Firminus
1504 2922 1566 2965 non

441 3025 550 3090 graeca
566 3005 666 3083 LXX,
689 3023 763 3087 quae
781 3004 867 3068 babet
882 3001 916 3068 ἐν
938 2996 1144 3089 περιδείπνῳ
1167 3008 1295 3089 νεκροῦ,
1322 3007 1375 3069 sed
1391 3007 1484 3071 latina
1498 3028 1567 3070 uer-

442 3113 528 3176 sioue
545 3133 615 3176 usus
631 3122 682 3175 aut
697 3111 883 3174 describendi
899 3109 1090 3193 neglegentia
1105 3119 1157 3172 aut
1171 3112 1332 3174 memoriae
1346 3112 1430 3198 lapsu
1446 3114 1478 3177 in
1491 3114 1568 3178 buno

441 3239 576 3284 errorem
591 3218 741 3283 inciderit.
782 3219 921 3281 Eiusdem
943 3214 1089 3299 epistulae
1109 3237 1230 3279 uersum
1246 3215 1278 3295 6,
1297 3239 1383 3300 quem
1399 3221 1496 3284 adfert
1512 3221 1565 3285 fol.

441 3325 509 3406 29¹¹,
528 3327 582 3404 13,
608 3327 705 3392 codex
720 3327 762 3390 ita
777 3325 920 3409 seriptum
937 3322 1080 3387 exbibete
1102 3316 1255 3408 ‘angelus
1277 3334 1381 3389 autem
1404 3348 1491 3390 naeus
1512 3349 1568 3390 uo·

443 3437 561 3500 discum
577 3446 634 3499 est.
659 3437 730 3520 lege
745 3443 847 3497 autem
865 3433 1031 3517 expeterem
1048 3428 1086 3492 ab
1102 3431 1223 3493 animos
1238 3423 1382 3510 uestrus'3
1406 3435 1481 3514 quod
1499 3455 1566 3496 oum

442 3541 474 3603 in
489 3541 620 3623 uolgata,
638 3561 714 3622 quae
727 3540 783 3602 boo
794 3541 861 3602 loro
878 3541 983 3602 eadem
994 3549 1041 3603 est
1055 3559 1089 3600 ao
1101 3547 1189 3601 uetus
1204 3537 1319 3617 persio,
1336 3540 1471 3622 legatur:
1486 3533 1567 3625 ‘ipse

442 3657 545 3709 autem
562 3649 727 3731 eorpuirem
745 3649 866 3708 artimus
881 3637 1028 3718 nemrod,
1047 3645 1102 3709 uix
1113 3644 1172 3708 alia
1183 3646 1301 3710 ratione
1314 3646 1466 3712 emendari
1479 3667 1567 3732 posse

443 3749 513 3815 mibi
523 3750 643 3813 uidetur
654 3750 713 3814 nisi
724 3751 766 3814 ita
777 3745 979 3835 utedidi‘ego
989 3762 1091 3814 autem
1101 3753 1266 3836 exquiram
1280 3758 1400 3816 animos
1415 3745 1560 3829 nemrod,

441 3858 520 3942 quod
535 3868 618 3919 uerte
633 3857 753 3941 propius
775 3856 888 3920 aeeedit
902 3859 940 3920 ad
959 3857 1115 3920 lectionem
1132 3856 1221 3918 LXX
1243 3851 1359 3937 (αὐτός
1372 3880 1409 3922 τε
1424 3857 1566 3949 ἐκζητῶν

441 3960 502 4042 τὰς
515 3957 627 4054 ψυχὰς
640 3956 745 4045 ὑμῶν)
762 3984 847 4045 quam
864 3965 889 4027 si
905 3962 1072 4039 scribatur,
1096 3960 1173 4043 qnod
1195 3961 1265 4024 item
1282 3983 1335 4045 par
1350 3965 1460 4026 oodiois
1476 3965 1568 4028 uerba

442 4072 530 4136 lieet:
559 4064 675 4156 ‘legem
705 4078 809 4134 autem
839 4072 1006 4155 eosquirom
1035 4067 1075 4131 ab
1100 4069 1205 4130 anima
1227 4060 1357 4144 rtertra'‚
1391 4067 1439 4130 cui
1467 4068 1567 4132 simile

442 4179 520 4241 loret
543 4179 619 4262 quod
637 4177 803 4262 Cyprianus
826 4176 937 4240 testim.
955 4172 995 4252 11,
1012 4172 1044 4252 5,
1068 4195 1097 4256 p.
1116 4170 1179 4234 548
1198 4175 1282 4253 (utor
1303 4172 1434 4236 editione
1449 4170 1565 4234 Veneta

442 4283 544 4367 Stepb.
569 4284 684 4347 baluzii
705 4281 890 4361 anni17‘28)
914 4303 955 4346 ex
970 4279 1135 4346 Maluobiae
1157 4298 1222 4360 cap.
1247 4279 1267 4340 2
1289 4299 1318 4340 u.
1342 4277 1363 4339 7
1385 4273 1499 4338 adlert:
1518 4270 1565 4338 ‘et

442 4391 543 4475 legem
559 4393 728 4474 eoequz'rent
742 4389 781 4452 ab
798 4410 851 4451 ore
866 4381 958 4452 eius.³
993 4385 1072 4449 Miro
1093 4382 1220 4462 denique
1237 4383 1323 4444 modo
1339 4388 1478 4461 eorrupta
1494 4389 1564 4442 sunt

441 4513 546 4578 quaee
561 4493 777 4558 deuteronomii
793 4516 821 4557 ο.
841 4492 881 4558 13
898 4516 928 4556 u.
943 4491 964 4554 9
979 4489 1154 4552 adferuntur
1169 4486 1221 4547 fol.
1236 4483 1304 4564 32¹²,
1324 4485 1359 4551 ll
1371 4513 1379 4549 z
1393 4479 1442 4550 ‘et
1455 4508 1565 4550 manus

443 4602 541 4662 amnis
568 4598 679 4684 populi
703 4591 886 4674 remouent’,
924 4595 972 4657 ubi
1002 4591 1079 4673 quod
1110 4591 1189 4656 edidi
1216 4587 1395 4677 ‘postremo'
1426 4592 1565 4678 praebuit

1698 647 1707 814 l

1704 847 1708 907 l
