3725 5850
828 664 849 729 9

274 845 361 907 dolor
383 864 423 907 ex
444 843 574 907 orbitate
595 842 721 907 ueniens
745 843 832 906 uullis
856 844 977 907 solaciis
999 843 1209 927 mitigabatur,
1242 843 1400 927 imaginem

273 953 338 1017 eius
363 972 403 1015 ex
422 971 517 1035 gypso
540 947 665 1032 plastico
689 968 779 1031 opere
801 949 924 1032 perfecit
938 962 970 1013 et
985 972 1039 1013 cor
1053 950 1138 1035 pueri
1154 970 1194 1013 ex
1210 972 1268 1032 quo
1286 951 1401 1013 focinus

274 1062 373 1125 fuerat
394 1076 500 1121 sorore
524 1056 677 1119 deferente
699 1056 846 1119 detectum
867 1057 899 1119 iu
915 1078 950 1119 ea
966 1068 1051 1140 parte
1067 1058 1176 1140 plastes
1192 1056 1330 1120 conlocat
1344 1076 1401 1138 qua

274 1166 403 1252 pectoris
420 1167 538 1228 fuerant
551 1162 732 1225 lineamenta
749 1161 886 1225 formata.
911 1164 985 1227 Post
999 1162 1072 1226 baec
1089 1185 1141 1246 pro
1158 1163 1270 1226 tumulo
1287 1163 1402 1225 extruit

273 1274 415 1356 templum
433 1282 462 1333 et
477 1269 678 1353 paedagogum
696 1268 781 1351 pueri
797 1269 955 1333 constituit
969 1271 1167 1332 sacerdotem.
1192 1269 1268 1332 Huic
1284 1268 1401 1332 Silenus
1411 1272 1443 1322 15

273 1382 330 1443 fuit
349 1398 468 1441 nomen.
516 1376 689 1452 Cretenses,
712 1384 745 1436 ut
766 1376 892 1437 furentis
909 1376 1028 1459 tyranni
1043 1376 1198 1438 saeuitiam
1214 1375 1400 1458 mitigarent,

274 1488 369 1548 festos
384 1482 497 1547 funeris
512 1480 576 1543 dies
591 1490 728 1544 statuunt
742 1490 773 1543 et
787 1502 918 1544 aunuum
935 1501 1054 1545 sacrum
1077 1482 1228 1545 trieterica
1244 1501 1402 1544 consecra-

274 1592 358 1655 tione
373 1598 554 1671 componunt
568 1588 666 1649 omnia
688 1607 742 1669 per
756 1587 890 1650 ordinem
915 1588 1057 1650 facientes
1080 1607 1156 1670 quae
1176 1608 1250 1670 puer
1271 1587 1401 1649 moriens

274 1708 328 1762 aut
342 1696 412 1760 fecit
427 1706 478 1758 aut
495 1714 600 1777 passus
616 1703 673 1757 est.
706 1692 813 1756 Vinum
830 1693 945 1755 laniant
965 1694 1103 1757 dentibus
1124 1705 1241 1757 taurum
1264 1694 1400 1755 crudeles

275 1804 377 1888 epulas
394 1800 501 1866 annuis
518 1800 848 1864 commemorationibus
864 1800 1034 1863 excitantes
1049 1811 1080 1863 et
1097 1819 1151 1883 per
1170 1809 1286 1862 secreta
1309 1798 1443 1861 silua-2⁰

249 1971 250 1975 ,
273 1930 341 1973 rum
356 1906 536 1971 elamoribus
552 1906 681 1969 dissonis
698 1906 845 1968 eiulantes
861 1905 977 1988 tingunt
992 1905 1083 1967 animi
1099 1905 1226 1968 furentis
1240 1905 1397 1981 insaniam,

277 2014 395 2077 utillud
411 2013 527 2075 facinus
542 2033 602 2074 non
618 2033 671 2094 per
686 2012 818 2076 fraudem
836 2012 942 2075 fectum
959 2012 1011 2074 sed
1026 2031 1079 2095 per
1099 2011 1246 2075 insaniam
1262 2011 1400 2073 credere·

276 2133 343 2184 tur:
362 2121 530 2203 praefertur
545 2118 619 2181 cista
633 2118 665 2179 iu
679 2138 738 2200 qua
754 2138 808 2180 cor
822 2138 911 2181 soror
924 2118 1052 2180 latenter
1067 2117 1277 2195 absconderat,
1292 2116 1296 2199 Ι
1315 2118 1399 2180 tibia·
1410 2120 1464 2171 tot.
1475 2118 1514 2172 6¹³·

274 2248 341 2290 rum
359 2235 446 2289 cantu
462 2235 492 2287 et
506 2223 704 2308 cymbalorum
722 2224 830 2287 tinnitu
853 2222 1014 2306 crepundia
1036 2223 1142 2306 quibus
1164 2245 1238 2307 puer
1259 2226 1400 2308 deceptus

275 2334 375 2395 fuerat
391 2332 586 2394 mentiuntur.
618 2330 668 2393 Sic
684 2332 715 2393 in
732 2330 875 2393 bonorem
892 2330 1014 2413 tyranni
1030 2353 1047 2393 a
1062 2328 1213 2395 seruiente
1230 2330 1312 2412 plebe
1329 2331 1401 2392 deus

277 2442 372 2502 factus
388 2438 499 2521 estqui
517 2438 627 2501 babere
643 2458 704 2500 non
720 2438 816 2521 potuit
830 2436 1025 2519 sepulturam.

361 2545 430 2609 Fuit
445 2544 535 2608 etiam
551 2544 629 2607 alius
637 2543 730 2606 Liber
745 2544 940 2627 aputThebas
956 2554 1103 2627 tyrannus
1115 2543 1248 2625 magicae
1263 2543 1336 2605 artis
1350 2564 1400 2623 po·
1427 2549 1442 2597 5

275 2662 382 2715 testate
400 2650 582 2733 perspicuus.
614 2650 668 2713 ttie
684 2671 748 2713 cum
764 2650 924 2713 muliebres
941 2654 1056 2714 animos
1080 2648 1203 2712 uenenis
1226 2648 1399 2730 quibusdam

276 2768 307 2821 et
322 2757 502 2821 carminibus
519 2765 694 2839 occupasset
709 2778 763 2839 pro
780 2756 904 2820 arbitrio
921 2778 976 2820 suo
992 2756 1122 2820 crudelia
1145 2754 1277 2817 facinora
1299 2754 1401 2815 luren-

275 2864 356 2927 tibus
371 2862 545 2946 imperabat,
562 2872 596 2926 ut
610 2872 709 2926 mente
725 2874 825 2948 captas
842 2863 958 2927 nobiles
974 2862 1099 2926 feminas
1119 2870 1150 2923 et
1171 2859 1323 2922 libidinum
1346 2859 1401 2921 mi·

276 2971 388 3034 nistras
406 2969 526 3033 baberet
542 2981 572 3032 et
587 2971 745 3036 scelerum.
770 2970 825 3048 Qui
836 2971 936 3052 qualia
951 2970 1057 3033 fecerit
1067 2967 1182 3031 scelera
1198 2967 1248 3030 uel
1259 2976 1400 3048 quantum

276 3077 363 3140 matri
380 3088 484 3140 contra
499 3076 589 3139 filium
609 3077 655 3140 uel
671 3077 826 3141 sororibus
843 3089 948 3140 contra
971 3078 1093 3139 fratrem
1113 3073 1308 3160 imperauerit
1330 3072 1444 3136 faci-1⁰

277 3205 334 3246 nus
356 3185 387 3246 in
408 3183 506 3247 scenis
530 3182 652 3246 cottidie
673 3205 692 3245 a
715 3183 818 3266 tragici
840 3183 983 3246 carminis
1004 3181 1175 3246 auctoribus
1198 3181 1340 3256 traditur,
1371 3189 1403 3242 ut

276 3291 414 3353 scelerati
431 3289 551 3374 tyranni
566 3289 736 3352 facinorosa
750 3290 911 3352 crudelitas
922 3290 954 3352 iu
966 3289 1073 3353 animis
1084 3289 1264 3351 audientium
1276 3285 1402 3349 funestis

275 3417 394 3479 semper
415 3395 610 3460 relationibus
634 3407 820 3460 renascatur.
854 3396 940 3459 Hunc
961 3397 1120 3480 Lycurgus
1144 3393 1245 3456 sobria
1267 3392 1401 3455 uirorum

276 3502 481 3565 coniuratione
497 3512 650 3584 protectus
666 3522 761 3583 regno
777 3502 875 3578 exuit,
894 3503 978 3585 pellit
992 3501 1105 3585 patria:
1124 3499 1313 3582 nequeenim
1330 3496 1401 3559 effe-

277 3606 405 3670 minatus
422 3627 600 3670 consensum
618 3607 750 3670 uirorum
767 3607 862 3690 potuit
876 3608 989 3672 diutius
1005 3609 1167 3671 sustinere.
1194 3604 1401 3669 Effeminatum
1413 3609 1444 3658 15

277 3819 404 3883 mnasiis
420 3821 605 3882 decantatur.
637 3817 705 3882 Nec
719 3821 787 3902 fuga
803 3822 867 3884 eius
881 3821 1041 3905 Lycurgus
1059 3830 1171 3884 tantum
1188 3830 1235 3884 est
1250 3819 1402 3900 exilioque

276 3934 449 4000 contentus,
473 3925 525 3988 sed
549 3925 667 4000 timeus,
693 3946 730 3988 ue
753 3927 870 4010 fugiens
892 3938 924 3989 et
943 3926 980 3990 ab
1003 3927 1069 3990 aliis
1085 3937 1224 4010 receptus
1240 3924 1402 3989 ludibriosa

274 4031 421 4095 scelerum
439 4052 561 4095 suorum
579 4033 668 4095 etiam
685 4031 716 4095 in
732 4033 791 4095 alia
803 4033 924 4116 regione
936 4034 1080 4096 conderet
1093 4034 1220 4110 semina,
1234 4031 1401 4095 succinctus

276 4141 357 4200 l'erro
372 4138 485 4222 patriae
500 4140 628 4204 dedecus
643 4140 752 4203 minaci
769 4139 961 4223 persequitur
976 4140 1084 4203 edicto.
1117 4140 1201 4204 'lunc
1215 4137 1310 4200 Liber
1330 4139 1443 4218 pro-20

277 4243 361 4308 iectis
375 4244 477 4308 infulis
492 4266 566 4327 quas
583 4246 746 4330 pampineis
762 4267 940 4310 coronarum
957 4246 1077 4309 circulis
1097 4245 1243 4328 inligabat
1263 4263 1330 4304 oum
1353 4259 1401 4304 se·

278 4349 385 4412 miuiro
401 4351 544 4414 comitatu
559 4352 725 4435 fugiens—
739 4353 796 4416 soli
813 4353 891 4416 enim
908 4372 974 4414 eum
991 4351 1088 4414 secuti
1103 4363 1172 4414 sunt
1187 4360 1356 4432 stuprorum
1372 4357 1403 4409 et

347 4521 378 4574 tt
396 4522 520 4588 l*corpori
595 4524 626 4576 13
644 4522 661 4556 *
668 4523 787 4589 plastae:
807 4539 842 4574 an
855 4540 908 4575 scr.
924 4523 1014 4590 plusti,
1027 4528 1060 4572 ut
1071 4522 1183 4587 plastem
1195 4521 1265 4573 idem
1277 4524 1317 4572 m‘t
1329 4519 1404 4586 quod

276 4607 393 4673 plasmat
439 4608 470 4658 14
483 4609 634 4659 liniamenta
683 4609 714 4661 15
728 4608 938 4676 Selenusm.pu.
988 4607 1181 4663 tercentum
1227 4606 1403 4660 dteffemiua-

275 4701 327 4744 tum
341 4703 461 4744 cenatum
476 4696 542 4746 euim
631 4695 661 4746 tt
681 4696 850 4745 contenderet
932 4693 963 4746 21
984 4708 1121 4744 cornorum
1206 4695 1240 4747 22
1253 4700 1400 4757 stroporum
