3725 5850
840 623 885 689 t3

298 800 418 885 σμένον
440 806 516 867 νοῦν
532 801 585 865 bac
605 822 638 865 se
659 812 762 885 putant
781 822 870 884 posse
890 804 1007 865 ratione
1030 804 1181 867 uenerari.
1219 805 1316 869 Dicite
1337 808 1422 886 mibi,
1451 827 1466 875 5

296 932 315 973 o
332 910 436 974 miseri
450 908 604 983 mortales,
624 908 691 991 qnid
708 908 893 971 naturalibus
909 910 999 971 rebus
1014 908 1123 972 additis
1136 912 1263 973 funera?
1285 913 1353 994 qnid
1377 914 1424 975 dei

297 1017 521 1100 dispositionem
545 1016 705 1078 crudelium
728 1016 867 1079 mortium
889 1014 1047 1077 atrocitate
1076 1015 1229 1098 polluitis?
1257 1019 1325 1099 qnid
1348 1041 1422 1102 opus

295 1134 362 1186 erat
378 1134 437 1185 tam
454 1125 528 1186 duro
545 1121 715 1203 crudelique
731 1124 901 1185 tormento?
923 1120 993 1203 qnid
1015 1120 1072 1183 sibi
1093 1120 1158 1183 nult
1171 1122 1228 1183 ista
1253 1126 1419 1206 persuasio,

294 1240 329 1291 ut
345 1230 452 1293 diuinis
470 1230 557 1291 rebus
574 1230 708 1291 funestae
724 1227 901 1290 calamitatis
918 1229 992 1289 ordo
1008 1228 1160 1291 societur?
1175 1239 1207 1290 ut
1220 1241 1328 1292 natura
1343 1232 1421 1295 side-

292 1357 361 1399 rum
387 1358 473 1417 quam
496 1336 569 1397 deus
591 1354 723 1397 summus
748 1335 838 1397 certis
861 1333 978 1417 legibus
1002 1335 1068 1397 feeit
1092 1334 1226 1396 mortalis
1242 1335 1463 1403 calamitatisto

293 1441 423 1504 luctibus
439 1442 633 1523 iungeretur?
654 1439 707 1501 Cui
724 1440 768 1502 rei
785 1442 906 1523 prodest
921 1441 997 1521 quod
1014 1439 1133 1501 facitis?
1148 1440 1282 1525 miscetis
1298 1453 1420 1507 terrena

292 1548 483 1621 caelestibus,
498 1547 608 1610 caduca
624 1546 752 1627 superis,
772 1546 929 1609 tenebrosa
945 1544 1127 1621 lucentibus,
1141 1546 1262 1611 dolores
1273 1569 1308 1611 ac
1322 1550 1418 1613 luctus

258 1668 262 1676 ’
291 1652 441 1715 bominum
459 1652 568 1715 diuinis
585 1650 748 1713 bonoribus
763 1661 985 1714 consecrantes.

378 1758 409 1820 Si
425 1768 587 1821 conuocato
605 1756 685 1819 omni
702 1777 814 1839 genere
831 1758 959 1819 bumano
975 1757 1021 1820 sol
1037 1757 1137 1821 babita
1151 1759 1292 1822 contione
1313 1760 1414 1842 loque·
1426 1774 1460 1837 [c.
1473 1774 1512 1839 8.]

289 1875 393 1940 retur,
425 1865 662 1948 desperationem
686 1875 816 1927 uestram
841 1864 896 1926 bac
916 1863 1043 1926 forsitan
1066 1863 1203 1927 oratioue
1226 1878 1413 1947 percuteret:
1427 1882 1458 1931 15

292 1972 364 2051 Quis
387 1994 453 2049 nos,
480 1972 583 2034 caduci
606 1971 740 2034 homines
764 1979 793 2032 et
812 1989 867 2053 per
882 1968 946 2033 dies
968 1969 1104 2052 singulos
1119 1992 1234 2033 summo
1251 1972 1306 2034 deo
1322 1972 1416 2037 uariis

288 2078 450 2157 generibus
472 2075 664 2153 rebellantes,
688 2078 725 2139 ad
750 2077 805 2139 boc
821 2086 935 2139 tantum
951 2076 1065 2140 facinus
1079 2076 1212 2160 impegit,
1236 2087 1268 2140 nt
1289 2079 1414 2160 profano

288 2186 423 2247 nefariae
445 2182 612 2267 cupiditatis
633 2202 738 2246 errore
759 2193 790 2246 et
812 2183 887 2245 mori
907 2182 1080 2248 medicatis
1101 2183 1226 2246 arbitrio
1243 2194 1274 2245 et
1288 2184 1414 2248 ninere?

288 2290 386 2373 Atque
409 2291 518 2354 utinam
542 2290 650 2353 usitato
673 2310 757 2353 more
781 2289 829 2352 uel
852 2310 912 2353 nno
934 2308 1046 2372 genere
1068 2310 1199 2353 uesanae
1222 2290 1413 2371 cogitationis

287 2408 406 2460 nestrae
421 2399 560 2481 figmenta
579 2397 787 2480 procederent,
804 2396 915 2460 utinam
932 2395 997 2459 sine
1014 2395 1192 2458 contumelia
1207 2397 1266 2458 mei
1283 2397 1413 2461 scelera·
1422 2413 1455 2463 20

286 2513 336 2565 tae
358 2504 549 2586 cogitationis
570 2513 691 2567 uestrae
713 2514 903 2585 grassaretur
928 2500 1112 2583 inprobitas!
1158 2500 1245 2563 Nunc
1274 2523 1329 2565 nos
1359 2522 1413 2585 per

285 2609 459 2692 praecipitia
475 2611 622 2671 iactantes
645 2608 715 2669 mibi
732 2626 849 2689 quoque
871 2627 932 2669 non
952 2604 1075 2688 parcitis
1097 2624 1153 2666 nec
1174 2605 1301 2687 aliquam
1323 2606 1412 2668 babet

284 2725 386 2778 nester
409 2733 508 2776 sermo
532 2712 746 2786 reuerentiam,
769 2713 821 2773 sed
843 2732 909 2773 cum
925 2711 1070 2773 dedecore
1085 2728 1154 2771 meo
1169 2709 1201 2771 in
1217 2710 1343 2772 exitium
1358 2732 1410 2774 ne·
1504 2737 1510 2749 ·

284 2831 380 2883 strum
395 2829 582 2899 mortemque
599 2817 776 2899 properatis.
796 2815 872 2905 patii
885 2836 931 2878 me
946 2814 1190 2899 apntAegyptnm
1205 2815 1291 2878 undis
1302 2816 1364 2879 Nili
1379 2827 1472 2884 ett'ot.
1484 2832 1523 2887 9¹¹.

283 2927 396 3009 rapidis
411 2923 574 2987 uerticibus
590 2922 738 2988 obstinato
754 2922 862 2985 mentis
886 2922 987 2984 furore
1003 2922 1211 3005 submergunt,-
1234 2922 1284 2984 alii
1306 2945 1409 3008 ampu-

284 3032 352 3096 tatis
368 3030 506 3094 nirilibus
522 3031 676 3113 plangunt,
694 3029 746 3090 alii
761 3024 875 3091 crudeli
893 3037 991 3090 morte
1012 3048 1129 3090 caesum
1152 3038 1205 3091 aut
1225 3029 1257 3092 in
1278 3030 1337 3094 olla
1358 3034 1409 3095 de-

282 3148 413 3221 coquunt
435 3148 487 3200 aut
507 3147 620 3220 septem
644 3135 766 3198 neribus
787 3135 922 3216 corporis
944 3135 1003 3196 mei
1025 3135 1156 3197 membra
1174 3135 1304 3198 lacerata
1319 3138 1408 3201 subli-

283 3255 367 3328 guat.
399 3243 456 3322 Qui
471 3243 620 3327 paululum
637 3241 708 3304 mibi
723 3240 836 3323 placida
853 3239 945 3302 fuerit
964 3240 1102 3304 oratione
1123 3241 1273 3304 blanditus
1289 3244 1406 3325 quadri·
1433 3254 1448 3302 5

281 3351 341 3432 iugi
365 3371 469 3412 ourrns
492 3349 624 3430 aurigam
647 3368 695 3410 me
717 3367 785 3412 esse
807 3346 960 3428 confingit.
998 3347 1128 3410 Proicite
1150 3347 1308 3429 aliquando
1332 3351 1405 3412 tanti

281 3456 391 3520 furoris
408 3455 532 3518 exitium
543 3465 573 3516 et
587 3453 710 3516 salutari
726 3453 922 3536 persuasione
930 3453 1070 3514 conuecti
1086 3471 1188 3515 ueram
1204 3453 1310 3516 salutis
1326 3456 1403 3517 niam

281 3563 427 3646 quaerite.
460 3561 600 3623 laimicns
616 3560 663 3620 dei
680 3560 790 3640 estqui
807 3558 880 3620 baec
896 3567 948 3620 aut
971 3559 1114 3640 cogitauit
1133 3570 1183 3621 aut
1205 3559 1323 3638 fincxit,
1349 3581 1403 3624 nec

282 3671 395 3731 facinus
411 3667 476 3729 eins
492 3666 620 3748 simplex
635 3674 687 3727 ant
702 3664 812 3728 usitata
832 3685 927 3747 poena
949 3664 1110 3726 comitator
1124 3665 1172 3747 qui
1196 3676 1313 3728 secreta
1335 3688 1402 3750 pro-

280 3773 355 3837 fanis
372 3772 611 3856 persuasionibus
628 3771 741 3854 polluit,
760 3771 808 3853 qui
826 3773 862 3834 de
877 3770 1034 3854 praeclaro
1055 3791 1146 3854 opere
1167 3771 1214 3834 dei
1228 3781 1309 3835 tanta
1332 3783 1444 3837 con-tt

279 3881 372 3960 fingit.
395 3879 509 3959 Lugete
525 3889 657 3941 mortuos
673 3888 793 3940 uestros
809 3888 840 3939 et
853 3878 910 3960 ipsi
926 3876 1017 3941 simili
1029 3888 1124 3939 morte
1136 3878 1283 3953 morituri,
1293 3880 1402 3943 mittite

279 3985 396 4069 regibus
419 3984 529 4047 uestris
552 3993 586 4046 nt
608 3985 697 4046 uultis
715 3983 838 4045 inferias
854 3992 885 4044 et
899 3983 1045 4046 orbitates
1061 4003 1164 4046 eornm
1179 3984 1238 4045 alio
1254 3985 1401 4047 remedio-

278 4115 341 4156 rum
356 4111 467 4176 genere
483 4089 627 4173 mitigate.
653 4089 769 4172 Lugete
780 4088 933 4166 Liberum,
950 4091 1051 4172 lugete
1063 4091 1285 4172 Proserpinam,
1300 4089 1400 4172 lugete

278 4200 370 4276 Attia,
387 4199 488 4280 lugete
504 4197 626 4280 Osyrin,
638 4195 696 4280 sed
711 4195 776 4257 sine
798 4206 918 4259 nostrae
934 4196 1112 4260 contumelia
1128 4195 1290 4277 dignitatis.
1322 4195 1400 4258 Nolo

278 4325 321 4367 me
343 4325 396 4388 per
417 4304 546 4368 tumulos
569 4321 672 4364 eornm
694 4299 873 4382 fauillasqne
897 4302 1022 4380 ducatis,
1050 4302 1120 4366 nolo
1136 4311 1169 4364 nt
1184 4301 1280 4363 errori
1296 4312 1439 4366 cestrota

341 4478 354 4526 5
368 4477 453 4527 NOY
617 4473 632 4525 f)
646 4473 698 4522 odii
707 4470 801 4544 *wnisen
815 4473 862 4539 (qs.
869 4474 928 4540 sol.
940 4470 994 4538 ttb,
1009 4475 1027 4524 l.
1036 4474 1064 4538 8)
1217 4473 1247 4525 ltl
1261 4475 1396 4526 calamitas

277 4562 304 4614 ts
323 4563 419 4626 disper.
624 4558 655 4610 tt
669 4559 831 4610 rebellantes
845 4587 875 4596 -
890 4559 974 4609 adbuc
1176 4559 1206 4610 tt
1225 4559 1396 4624 cogitationes

275 4647 399 4697 3niribus
413 4673 444 4682 -
460 4645 604 4710 decoquent
712 4645 742 4696 tt
756 4645 836 4709 fugite
849 4644 903 4709 Pr.,
918 4645 1000 4710 fugite
1105 4644 1135 4695 ll
1150 4644 1232 4708 legite
