3725 5850
810 651 856 719 39

247 830 353 914 pinea
372 830 507 897 caeditur
521 839 552 896 et
566 830 598 895 iu
612 829 708 896 media
729 827 838 901 arbore
858 828 1049 901 simulacrum
1071 830 1192 898 iuuenis
1212 828 1393 913 subligatur.

247 936 286 999 ln
313 936 427 1006 lsiacie
448 936 544 1007 sacris
560 936 596 1004 de
621 935 708 1019 pinea
722 935 832 998 arbore
854 934 990 1003 caeditur
1015 946 1159 1015 truncns3
1188 935 1275 1002 buius
1298 933 1396 1013 trunci

247 1042 365 1129 media
387 1063 457 1131 para
476 1042 629 1113 subtiliter
651 1051 834 1108 excauaturc
856 1039 919 1107 illic
940 1040 976 1108 de
998 1040 1180 1124 segminibus
1199 1043 1310 1105 factum
1330 1042 1395 1105 ido-

248 1147 320 1211 lum
341 1145 473 1211 Osiridis
489 1148 643 1232 sepelitur.
670 1145 676 1231 Ι
703 1146 736 1211 ln
751 1146 952 1231 Proserpinae
965 1146 1062 1214 sacris
1081 1165 1169 1211 caesa
1182 1145 1273 1214 arbor
1287 1147 1319 1219 itt
1334 1144 1519 1216 eludet-2⁷¹2·

248 1252 343 1335 giem
370 1254 497 1337 uirginis
521 1255 706 1335 formamque
727 1251 916 1335 componitur
931 1263 962 1318 et
985 1274 1052 1316 cum
1068 1252 1148 1315 intra
1163 1252 1315 1323 ciuitatem
1330 1254 1394 1316 due·

248 1360 295 1421 rit
312 1358 417 1423 inlata
431 1358 627 1441 qnadraginta
643 1357 779 1424 noctibus
795 1356 960 1443 plangitur,
973 1358 1202 1441 quadragesima
1218 1378 1291 1421 uero
1306 1369 1396 1423 nocte

249 1462 464 1529 comburitur.
501 1463 560 1531 Sed
575 1476 605 1529 et
620 1464 670 1533 illa
686 1463 744 1527 alia
760 1462 854 1547 ligna,
872 1483 949 1547 quae
964 1463 1040 1541 dixi,
1064 1463 1171 1528 similis
1186 1463 1304 1528 damma
1324 1484 1396 1527 oon·

249 1566 376 1631 sumit:
401 1589 470 1635 nam
483 1570 570 1641 etiarn
584 1579 770 1655 postannum
783 1569 910 1636 istorum
927 1569 1076 1653 lignorum
1090 1590 1195 1653 rogum
1211 1569 1328 1633 damma
1344 1570 1437 1631 de·'5

250 1672 413 1757 pasoitur.
452 1674 580 1752 Errasti,
598 1674 701 1751 miser,
726 1684 756 1737 et
772 1673 965 1737 uehementer
980 1674 1104 1741 errasti:
1130 1673 1203 1740 nihil
1219 1674 1271 1740 tibi
1287 1674 1398 1761 poterit

248 1778 343 1863 ignis
366 1778 425 1845 iste
446 1781 607 1863 prodesses
639 1781 751 1851 frustra
777 1778 829 1843 tibi
852 1798 893 1841 cx
915 1779 976 1843 ista
990 1778 1109 1841 flamma
1130 1778 1294 1856 blandiris,
1318 1781 1396 1850 tono

249 1885 367 1967 ignem
382 1884 559 1965 commentis
582 1886 641 1948 tuis
657 1904 777 1968 semper
792 1904 935 1953 rennues.
983 1883 1063 1966 lgnis
1085 1884 1135 1967 qui
1156 1884 1193 1948 de
1216 1885 1396 1949 facinoribus

252 1988 323 2053 tuis
350 1988 451 2073 exigit
470 2012 580 2075 poenas
595 2001 738 2078 perpetua
756 1999 974 2057 tormentorum
990 1990 1214 2060 continuatione
1228 2000 1395 2073 grassatur.

251 2094 370 2160 Diuini
393 2115 429 2159 ac
451 2096 608 2164 liberantis
630 2094 704 2179 ligni
726 2094 972 2172 ordineordme,
997 2105 1030 2161 ut
1043 2093 1121 2160 scias
1136 2095 1215 2160 nulla
1232 2095 1286 2159 tibi
1308 2104 1439 2181 poesela

251 2201 386 2269 ratione
401 2203 549 2273 succurri.
583 2201 627 2267 De
643 2201 824 2289 cataclysmo
840 2199 999 2266 humanum
1015 2220 1109 2285 genus
1125 2221 1195 2266 crea
1210 2200 1309 2285 lignea
1323 2201 1398 2265 libe·

253 2307 369 2385 rauit3
391 2306 544 2374 Abraham
560 2306 640 2391 ligna
656 2305 736 2370 unici
756 2306 810 2371 lilii
830 2305 963 2371 humeris
985 2306 1119 2393 inponit3
1145 2308 1182 2372 de
1197 2307 1333 2393 Aegypto
1347 2327 1397 2371 re·

252 2413 423 2478 cedentem
446 2414 493 2479 dei
515 2412 630 2497 plebem
646 2411 746 2503 lignea
769 2412 856 2497 uirga
873 2414 1024 2497 protexit3
1049 2413 1163 2498 lignum
1179 2413 1293 2479 dulcem
1308 2433 1396 2497 sapo-

252 2538 327 2581 rem
345 2537 467 2584 amarae
489 2518 629 2603 myrrhae
651 2518 782 2583 fontibus
804 2518 953 2599 reddidit;
983 2518 1082 2601 lignea
1105 2520 1191 2601 uirga
1207 2537 1248 2584 ex
1270 2518 1395 2601 spiritali

252 2632 351 2710 petra
367 2623 510 2691 salutaris
526 2624 605 2693 unda
621 2623 773 2703 profertur
784 2632 826 2698 et,
844 2631 877 2685 ut
890 2621 1014 2685 Amalec
1030 2623 1214 2697 uinceretur,
1227 2621 1318 2693 ,circa
1333 2622 1394 2685 uir·
1407 2632 1438 2682 15

252 2748 331 2811 gam
348 2729 471 2812 Moyses
487 2726 629 2811 expausis
644 2724 780 2797 manibus
797 2727 992 2805 extenditur3
1014 2726 1113 2789 scalae
1135 2726 1254 2817 ligneae
1269 2728 1396 2815 patriar-

254 2833 317 2899 cha
340 2831 562 2898 incumbentem
583 2831 723 2915 angelum
744 2829 875 2897 somniat
891 2840 921 2893 et
936 2852 989 2914 per
1003 2831 1127 2897 eandem
1143 2832 1219 2897 alios
1232 2832 1396 2900 ascendere

254 2941 342 3004 alios
367 2938 463 3026 cernit
484 2937 680 3014 descendere,
706 2948 737 3001 et
757 2937 809 3002 lex
831 2937 877 3005 dei
900 2957 987 3003 arcae
1007 2938 1138 3007 creditur
1152 2939 1283 3023 ligneae,
1301 2950 1334 3009 ut
1349 2939 1395 3004 his

256 3045 405 3111 omnibus
421 3043 506 3128 quasi
522 3063 576 3127 per
587 3044 698 3126 gradum
721 3043 863 3128 quosdam
887 3045 925 3113 ad
947 3045 1058 3128 lignum
1082 3045 1180 3110 crucis
1202 3045 1284 3117 salus
1300 3044 1396 3118 homi·

256 3173 336 3215 num
360 3150 542 3236 perueniret.
588 3148 774 3236 Quapropter
804 3149 916 3236 lignum
933 3152 1031 3216 crucis
1047 3151 1123 3219 caeli
1134 3151 1263 3217 sustinet
1282 3150 1396 3220 macli-
1404 3160 1438 3213 ²0

259 3277 349 3334 nam,
366 3267 467 3320 terrae
483 3258 672 3332 fundamenta
687 3255 880 3336 conroborat,
904 3256 1022 3322 adfixos
1038 3257 1095 3322 sibi
1111 3258 1247 3325 homiues
1263 3257 1344 3320 ducit
1358 3258 1396 3332 ad

259 3364 373 3426 uitam.
412 3362 541 3448 Lignum
563 3361 672 3425 diaboli
692 3362 778 3426 ardet
793 3381 913 3446 semper
928 3373 959 3424 et
972 3362 1100 3426 moritur
1115 3373 1146 3424 et
1160 3364 1197 3424 ad
1214 3363 1274 3427 ima
1290 3361 1395 3426 tartari

260 3467 424 3532 credentes
444 3466 579 3532 homines
602 3488 667 3538 oum
691 3465 802 3533 fauillis
823 3466 886 3536 suis
909 3466 1001 3539 ducit.
1048 3464 1122 3539 lllud
1143 3465 1232 3531 etiam
1247 3466 1335 3547 quale
1356 3466 1398 3530 sit

259 3575 384 3638 ratione
400 3582 559 3636 tractetur.
597 3570 745 3638 Arborem
768 3590 853 3632 suam
875 3569 1009 3634 diabolus
1025 3589 1205 3638 consecrans
1219 3571 1397 3657 intempesta

261 3689 356 3742 nocte
371 3677 497 3742 arietem
513 3676 545 3738 in
566 3693 671 3746 caesae
686 3673 803 3744 arboris
827 3675 899 3738 lacit
913 3674 1065 3741 radicibus
1091 3676 1096 3762 Ι
1122 3677 1283 3742 immolari.
1323 3676 1395 3757 Quis
1404 3683 1518 3740 tolete

260 3782 322 3846 tibi
344 3781 413 3857 hoc,
436 3781 595 3858 scelerate,
621 3779 788 3864 persuasit?
811 3781 888 3844 unde
910 3781 966 3844 hoc
989 3781 1129 3863 pestifera
1144 3782 1306 3866 cupiditate
1320 3783 1395 3848 didi-

261 3887 358 3952 cisti?
394 3887 556 3972 Semperne
573 3897 601 3949 tc
618 3896 722 3950 contra
737 3886 824 3950 deum
840 3907 986 3951 summum
1004 3887 1117 3956 nefaria
1135 3889 1298 3977 cupiditate
1313 3911 1395 3954 oom-

261 3991 375 4076 ponis?
404 3991 473 4055 ldco
495 3992 582 4055 tede
604 3992 688 4057 caelu
709 4011 848 4055 seuerum
872 3991 1034 4064 diuinitatis
1049 3992 1192 4058 iudicium
1214 3995 1325 4061 caduca
1340 3994 1396 4058 ho-

262 4098 390 4163 militate
405 4097 591 4182 praecipitat,
608 4099 676 4160 ideo
692 4097 744 4161 tibi
761 4097 809 4160 dei
825 4097 975 4162 sententia
990 4109 1133 4182 perpetua
1147 4120 1244 4183 poena
1259 4100 1396 4163 decerni·

161 4203 163 4230 *
263 4212 327 4281 tur,
345 4205 423 4288 quod
438 4203 619 4268 facinoribus
635 4203 695 4266 tuis
712 4224 765 4288 per
787 4204 849 4266 dies
866 4202 1002 4288 singulos
1018 4224 1129 4296 nouum
1145 4224 1264 4288 semper
1277 4204 1396 4269 additur
1420 4206 1437 4256 5

265 4308 403 4388 lacinus,
430 4310 507 4392 qnod
529 4308 679 4376 homiuem
695 4309 743 4374 dei
765 4308 954 4374 fraudulenta
974 4309 1093 4374 conaris
1109 4311 1303 4394 persuasione
1317 4309 1395 4375 deoi-

334 4491 370 4542 24
382 4489 439 4542 illis
452 4488 483 4540 de
496 4490 638 4542 seminibus
742 4492 757 4542 5
771 4486 909 4555 l’ipsorum
1015 4489 1030 4539 9
1043 4503 1126 4555 penas
1208 4490 1240 4544 1⁰
1252 4491 1396 4544 liberandis

269 4574 301 4628 ¹2
318 4573 335 4607 *
347 4574 380 4625 de
392 4574 474 4626 Abest
499 4575 628 4640 sortasse
645 4576 695 4626 deo
709 4573 815 4626 iubente
826 4573 889 4627 aar.
998 4572 1029 4626 tt
1041 4589 1144 4642 myrrae
1249 4577 1282 4630 2³
1296 4576 1395 4630 labidis

267 4660 284 4710 l
298 4673 363 4726 pena
1063 4673 1066 4679 ·
