3725 5850
1056 678 1075 747 l

497 874 578 939 runt,
597 872 628 924 et
643 873 674 924 ut
688 862 762 924 satis
776 861 870 924 iratae
887 860 1004 925 mulieri
1020 862 1153 924 facerent
1167 871 1217 923 out
1238 871 1271 923 ut
1292 860 1455 943 poenitenti
1478 864 1626 927 solacium

496 978 687 1053 quaererent,
716 988 801 1050 quem
824 967 911 1051 paulo
932 978 1002 1031 ante
1024 968 1206 1049 sepelierant
1227 966 1378 1031 reuixisse
1399 967 1567 1046 lactarunt,
1594 982 1626 1033 et

382 1094 435 1145 ιιιι,
446 1096 484 1148 aa,
495 1098 561 1139 eum
577 1074 711 1138 mulieris
727 1074 845 1138 animus
860 1094 900 1136 ex
916 1072 1101 1157 impatientia
1116 1075 1121 1158 Ι
1134 1073 1218 1136 nimii
1233 1074 1345 1136 amoris
1360 1075 1492 1154 arderet,
1502 1088 1624 1139 mortuo

493 1181 675 1246 adulescenti
698 1180 805 1261 templa
829 1181 975 1242 fecerunt.
1007 1180 1091 1242 'fune
1106 1180 1183 1261 quod
1205 1179 1283 1242 irata
1307 1181 1415 1243 mulier
1433 1202 1487 1263 pro
1510 1182 1622 1246 iniuria

491 1300 609 1373 spretae
626 1289 738 1350 fecerat
754 1287 879 1361 formae,
898 1286 954 1347 boc
969 1283 1122 1348 ordinatos
1138 1306 1156 1347 a
1171 1306 1204 1348 se
1220 1286 1279 1368 pati
1290 1286 1412 1349 uoluere
1431 1290 1619 1351 sacerdotes.

490 1395 534 1460 sie
549 1394 658 1457 annuis
674 1394 768 1455 sacris
784 1411 849 1453 eum
866 1389 980 1452 bonore
995 1400 1093 1453 terroe
1106 1390 1193 1453 istius
1209 1391 1323 1455 funeris
1346 1414 1449 1475 pompa
1466 1396 1620 1477 componi-

450 1505 464 1555 5
490 1513 538 1564 tur
560 1512 590 1563 et
612 1521 676 1563 cum
699 1498 915 1581 persuadeatur
936 1495 1106 1559 bominibus
1126 1498 1204 1578 quod
1225 1497 1325 1560 colant
1348 1509 1481 1577 terram,
1513 1500 1617 1562 miseri

488 1607 602 1670 funeris
632 1615 816 1668 uenerantur
837 1601 975 1665 exitium.
1022 1602 1076 1664 llic
1101 1622 1236 1684 quoqne,
1265 1605 1460 1667 sacratissimi
1488 1606 1617 1690 impera-

488 1724 590 1789 tores,
613 1721 646 1773 ιιι
661 1732 748 1774 error
762 1710 821 1773 iste
837 1709 970 1787 celetur,
994 1708 1083 1771 etiam
1101 1710 1173 1771 baec
1189 1730 1273 1772 saera
1289 1710 1409 1793 physico
1427 1711 1532 1774 uolunt
1547 1717 1616 1775 e'sse

487 1818 603 1881 ratione
625 1816 807 1900 composita:
831 1835 931 1878 amare
953 1826 1066 1877 terram
1089 1816 1195 1879 uolunt
1216 1815 1334 1898 fruges,
1356 1817 1440 1879 Attio
1462 1837 1536 1879 uero
1558 1818 1614 1880 boc

486 1925 581 2009 ipsum
597 1924 702 1989 uolunt
717 1944 785 1987 esse
801 1922 878 2004 quod
895 1942 935 1985 ex
951 1920 1085 2003 frugibus
1101 1920 1246 1998 nascitur,
1269 1942 1393 2004 poenam
1410 1934 1507 1985 autem
1524 1944 1611 2005 qoam

444 2036 475 2086 10
485 2030 628 2095 sustinuit
643 2028 699 2093 boc
713 2030 818 2092 nolunt
834 2026 993 2109 essequod
1009 2026 1083 2089 falce
1099 2046 1216 2091 messor
1231 2028 1354 2090 maturis
1370 2027 1505 2110 frugibus
1520 2030 1609 2106 facit,

484 2146 611 2198 mortem
628 2134 721 2217 ipsius
738 2134 838 2196 dicunt
854 2133 930 2215 quod
948 2132 1061 2195 semina
1078 2132 1202 2195 collecta
1224 2133 1406 2210 conduntur,
1428 2133 1520 2196 uitam
1544 2156 1610 2196 rur·

481 2262 547 2320 sus,
572 2243 649 2323 quod
663 2244 740 2304 iacta
761 2240 875 2303 semina
891 2237 999 2301 annuis
1021 2237 1136 2301 uicibus
1151 2238 1367 2301 reconduntur.
1399 2238 1514 2303 Vellem
1530 2260 1609 2304 none

480 2347 553 2409 mibi
575 2346 736 2427 inquirenti
760 2345 980 2427 respondeant,
997 2365 1061 2406 cnr
1081 2343 1158 2407 banc
1174 2336 1393 2426 simplieitatem
1410 2347 1557 2409 seminum
1572 2368 1608 2408 ac

480 2444 598 2534 frugum
615 2472 680 2514 cum
697 2454 812 2529 funere,
831 2472 896 2513 eum
912 2461 1022 2529 morte,
1034 2470 1102 2512 eum
1116 2451 1208 2526 fastu,
1222 2471 1288 2512 eum
1305 2471 1414 2533 poena,
1423 2473 1489 2514 cum
1505 2474 1608 2517 amore

438 2558 674 2623 rsiuncxerim?
704 2560 787 2621 ltane
804 2579 863 2620 non
879 2568 947 2621 erat
961 2556 1040 2620 aliod
1057 2556 1133 2638 qood
1149 2556 1323 2620 diceretur?
1352 2559 1436 2621 ltane
1458 2580 1518 2621 non
1539 2570 1608 2621 erat

478 2668 556 2749 qnod
578 2666 610 2728 in
632 2665 755 2749 agendis
779 2665 835 2727 deo
858 2684 974 2727 summo
995 2685 1050 2747 pro
1071 2663 1207 2747 frugibus
1228 2664 1334 2747 gratiis
1357 2666 1472 2729 faceret
1494 2666 1607 2729 misera

477 2772 662 2834 mortalitas?
685 2771 723 2835 Ut
737 2770 850 2853 gratias
866 2791 920 2854 pro
936 2769 1050 2833 renatis
1066 2770 1200 2854 frugibus
1215 2789 1289 2852 agas
1304 2770 1415 2849 ululas,
1431 2782 1463 2833 ut
1474 2772 1605 2855 gaudeas

476 2878 604 2961 plangis,
628 2898 683 2940 nec
703 2888 731 2941 te
755 2900 821 2941 eum
837 2898 940 2941 ueram
955 2877 1103 2940 rationem
1119 2876 1234 2940 uideris
1250 2875 1306 2939 boc
1321 2876 1480 2960 aliquando
1495 2878 1604 2943 fecisse

474 2984 637 3067 poenituit,
664 2984 716 3046 sed
733 2983 788 3046 boc
803 2985 867 3065 agis
884 2993 917 3046 ut
932 2983 1041 3046 anonis
1056 2982 1187 3046 luctibus
1201 2993 1362 3066 occupatus
1377 2985 1467 3047 uitam
1484 3005 1604 3066 semper

431 3089 583 3173 tufngias,
602 3098 727 3151 mortem
744 3088 892 3170 requiras.
925 3088 1032 3152 Dicant
1046 3087 1136 3151 mibia
1164 3089 1231 3171 qnid
1249 3090 1305 3152 boc
1320 3088 1456 3173 frugibus
1476 3091 1598 3173 profuit,

474 3207 506 3259 nt
519 3196 606 3258 fletus
623 3216 695 3258 snos
711 3195 820 3258 annuis
836 3195 997 3258 ululatibus
1013 3194 1173 3271 seminent,
1197 3207 1231 3258 ut
1246 3195 1335 3258 strati
1352 3197 1465 3260 funeris
1480 3197 1601 3260 calami·

474 3301 583 3366 tatibus
605 3302 820 3387 ingemiscant,
853 3302 931 3384 quod
955 3301 1056 3363 dicant
1084 3302 1208 3385 physica
1238 3301 1354 3365 ratione
1379 3303 1599 3386 compositum?
1713 3302 1716 3379 f

470 3409 594 3492 Lugetis
617 3421 647 3474 et
669 3409 807 3495 plangitis
831 3419 860 3472 et
882 3408 980 3472 luctus
1003 3415 1120 3470 uestros
1142 3406 1205 3492 alia
1224 3410 1341 3471 ratione
1357 3409 1474 3472 celatis.
1506 3409 1598 3473 Nouit

354 3534 409 3586 For.
422 3535 459 3591 312,
469 3517 601 3598 agricola
617 3517 735 3599 quando
754 3527 863 3580 terram
880 3524 982 3578 aratro
998 3513 1159 3592 dimoueat,
1170 3515 1255 3578 nouit
1270 3515 1387 3598 quando
1403 3515 1495 3578 sulcis
1513 3528 1516 3607 Ι
1534 3517 1596 3578 frn-

403 3695 407 3704 ,
470 3632 569 3683 menta
585 3623 767 3700 committat,
793 3623 876 3686 nouit
892 3621 1010 3704 quando
1030 3631 1193 3684 maturatas
1208 3622 1282 3685 solis
1304 3623 1459 3685 ardoribus
1476 3622 1596 3704 colligat

378 3731 381 3738 '
468 3737 604 3807 segetes,
630 3727 714 3789 nouit
729 3730 846 3808 quando
862 3738 957 3790 tostas
975 3736 1054 3789 terat
1069 3728 1187 3808 fruges:
1214 3728 1286 3790 baec
1303 3738 1350 3791 est
1364 3728 1487 3813 physica
1502 3729 1592 3804 ratio,

468 3830 540 3893 baec
556 3842 625 3894 sunt
641 3852 712 3895 uera
728 3834 892 3910 sacrificia,
918 3855 995 3916 quae
1010 3833 1046 3896 ab
1061 3854 1154 3897 sanae
1172 3833 1280 3895 mentis
1304 3834 1472 3897 bominibus
1492 3854 1593 3897 annuo

427 3967 442 4016 5
466 3938 568 4000 labore
584 3938 789 4021 complentur:
808 3938 885 4002 banc
898 3939 1118 4022 simplieitatem
1132 3938 1272 4001 diuinitas
1283 3940 1401 4019 quaerit
1412 3951 1446 4002 nt
1458 3940 1593 4000 homines

464 4045 496 4107 in
511 4044 687 4128 colligendis
703 4043 847 4108 fructibus
864 4045 1010 4108 ordinatis
1026 4057 1192 4129 temporum
1213 4042 1328 4124 legibus
1349 4043 1496 4106 semlant.
1529 4043 1592 4103 Gor

465 4152 532 4216 boio
554 4151 650 4216 ordini
675 4151 801 4214 miserae
824 4152 927 4214 mortis
952 4152 1093 4234 figmenta
1114 4149 1250 4233 quaesita
1273 4150 1363 4210 sunt?
1394 4146 1456 4208 Cur
1475 4144 1592 4208 celator

463 4257 593 4322 lacrimis
617 4260 694 4342 quod
716 4256 808 4322 celari
829 4278 889 4320 non
911 4257 1033 4321 debuit?
1072 4256 1154 4320 Unde
1175 4253 1374 4317 confiteantur
1395 4270 1520 4314 neeesse
1543 4262 1590 4316 est

532 4469 546 4515 5
564 4463 790 4532 *persuaderetur
912 4467 927 4518 7
947 4464 1054 4531 physici
1177 4461 1193 4511 8
1212 4463 1312 4511 ratione
1326 4461 1512 4527 compositit-
1525 4463 1587 4513 atim

461 4577 494 4588 -
508 4550 557 4599 boc
678 4553 708 4608 ta
720 4553 847 4618 sortasse
861 4551 1050 4609 recidioantor,
1064 4545 1137 4611 quod
1149 4547 1261 4596 uerbum
1273 4550 1343 4597 rutis
1356 4548 1513 4615 deffendite!-
1524 4549 1585 4598 rob-

459 4639 584 4686 stontiuo
598 4635 670 4698 quod
682 4641 725 4685 est
736 4637 895 4686 recidioatus
909 4649 961 4699 quo
979 4631 1166 4682 Tertullianus
1178 4637 1278 4683 utitur.
1428 4634 1460 4686 l?
1478 4635 1584 4701 planges

458 4721 489 4774 at
511 4726 566 4770 stra
582 4718 763 4783 litteroesere
773 4733 887 4784 prorsus
899 4721 1079 4769 evanuerunt.
1183 4719 1218 4774 2?
1236 4719 1418 4784 ingemescant
