3725 5850
815 682 861 756 27

245 867 424 951 populum,
449 864 635 929 snuotifioote
656 863 827 939 ecelesiam,
857 864 988 947 excipite
1008 864 1138 929 maiores
1159 876 1242 942 natu,
1266 864 1398 947 colligite

245 974 417 1056 paruulos
432 971 589 1049 laetantes,
611 968 755 1053 procedat
769 987 898 1051 sponsus
913 969 950 1033 de
966 968 1101 1034 eubioulo
1116 991 1172 1033 suo
1187 980 1218 1033 et
1231 991 1340 1054 sponsa
1362 972 1399 1035 de
1411 976 1442 1026 ¹⁵

249 1078 404 1143 thalamo
425 1069 505 1141 suo.’
539 1076 603 1141 Hoo
621 1075 699 1140 idem
723 1074 890 1139 Hieremias
912 1075 1005 1139 simili
1026 1076 1144 1139 ratione
1166 1075 1327 1157 signifieat,
1358 1078 1401 1141 ait

248 1184 355 1247 enim
372 1205 440 1247 num
456 1182 644 1246 Hierusalem
660 1180 736 1245 truoi
752 1180 884 1245 minatur
898 1181 1038 1245 oraonlo:
1058 1175 1104 1244 ‘et
1125 1181 1259 1245 auferam
1274 1183 1311 1244 de
1326 1181 1444 1248 nini-[s
1459 1182 1485 1242 ⁷,

250 1289 387 1353 tatibus
403 1289 493 1353 ludae
509 1299 540 1350 et
560 1287 596 1350 de
612 1288 782 1369 quadruuiis
798 1286 989 1352 Hierusalem
1010 1308 1115 1352 uooem
1136 1285 1323 1365 laetantium,
1346 1308 1400 1350 uo·
1469 1286 1475 1298 '

249 1415 336 1459 uem
356 1396 457 1479 sponsi
474 1405 505 1456 et
519 1413 624 1458 uooem
639 1384 789 1477 sponsae.³
819 1392 999 1459 Processum
1014 1393 1117 1478 sponsi
1133 1393 1222 1456 etiam
1248 1378 1300 1475 per
1323 1393 1401 1475 psal-

251 1523 336 1565 mos
356 1500 508 1584 praedicat
522 1500 644 1583 spiritus
660 1510 801 1564 sanetum
818 1499 849 1563 io
866 1509 974 1564 oowuo
986 1500 1102 1565 decimo
1117 1499 1231 1582 psalmo
1244 1499 1300 1561 hoe
1315 1497 1443 1561 inne-²⁰

253 1609 357 1671 uitur
377 1606 549 1684 oraculum,
581 1606 623 1670 ait
650 1606 745 1669 euim:
774 1598 820 1668 ‘et
844 1606 909 1689 ipse
931 1606 1015 1670 uelut
1035 1627 1162 1689 sponsus
1183 1603 1342 1687 egrediens
1363 1604 1525 1674 dest-iss]

254 1713 406 1777 thalamo
422 1734 476 1775 suo
492 1712 639 1777 exultabit
654 1712 738 1775 uelut
753 1712 858 1794 gigans
882 1713 962 1775 uiam
985 1731 1127 1776 numeres
1152 1731 1301 1773 asummo
1324 1709 1401 1772 oaeli

256 1820 420 1905 profectio
445 1820 508 1883 eius
531 1828 562 1882 et
582 1816 719 1881 deeursio
743 1816 808 1879 eius
824 1838 918 1899 usque
934 1818 971 1879 ad
987 1836 1134 1881 summum
1150 1815 1216 1879 eius
1231 1824 1262 1878 et
1277 1836 1337 1879 nou
1353 1826 1401 1879 est

259 1928 319 2009 qui
338 1926 466 1989 lateata
482 1925 582 1988 nalore
596 1914 685 1987 eius.²
717 1921 886 1986 secretiora
901 1922 1071 2005 pandantur
1085 1942 1214 1985 erenum
1238 1921 1269 1985 iu
1294 1942 1399 2004 apono-

259 2032 351 2117 lypsi
367 2031 395 2095 id
412 2041 460 2095 eat
480 2030 514 2093 in
536 2029 720 2093 reuelatioue
742 2028 791 2111 qui
811 2027 852 2092 sit
872 2048 999 2113 sponsus
1022 2028 1205 2093 lunenimus.
1226 2029 1230 2099 Ι
1253 2029 1297 2091 lta
1320 2027 1525 2091 enimenin.

261 2138 416 2221 seriptum
437 2148 501 2200 est:
522 2130 619 2211 ‘ueni‚
645 2135 799 2199 ostendam
817 2135 868 2199 tihi
891 2156 1000 2198 nouem
1022 2145 1146 2219 nuptum
1167 2154 1293 2197 uxorem
1315 2133 1397 2216 agni.
1410 2132 1524 2201 [ΝΗ

262 2245 308 2307 Et
325 2244 415 2307 duxit
429 2262 477 2307 me
492 2241 523 2305 in
539 2240 646 2326 spiritu
660 2240 692 2305 iu
707 2252 837 2305 montem
854 2263 994 2325 maguum
1009 2252 1041 2305 et
1055 2239 1187 2304 ostendit
1207 2239 1281 2303 mihi
1294 2238 1399 2303 eiuita-
1437 2218 1478 2267 'q'

263 2360 333 2412 tem
351 2359 486 2413 sanetum
503 2345 690 2411 Hierusalem
706 2348 936 2411 descendentem
952 2349 988 2411 tle
1003 2338 1111 2411 eaelo.³
1142 2346 1338 2409 lntimaudum
1354 2354 1401 2409 est

266 2457 344 2539 quid
370 2454 459 2519 etiam
482 2453 567 2519 nobis
590 2453 625 2515 de
649 2452 703 2517 hae
718 2453 783 2536 ipsa
797 2474 831 2517 re
846 2453 1137 2536 tradateuaugeliea
1152 2451 1319 2535 disciplina.
1352 2451 1401 2514 ln·
1428 2465 1443 2515 5

266 2562 413 2625 uenimus
430 2560 508 2623 enim
524 2560 556 2623 in
572 2558 728 2640 euangelio
744 2566 811 2620 eata
827 2557 988 2621 lohanuem
1003 2560 1044 2622 ite
1059 2577 1128 2619 esse
1142 2557 1312 2639 signatum:
1331 2550 1401 2619 ‘uos
1411 2569 1445 2635 [c.
1455 2568 1481 2632 ³,
1492 2569 1527 2620 28

267 2665 347 2728 mihi
364 2676 456 2729 testes
472 2665 547 2729 estis
562 2664 701 2745 quonium
717 2662 782 2727 dixi
798 2662 907 2744 eisqui
923 2662 1007 2725 missi
1022 2673 1095 2731 suut
1108 2660 1145 2725 ab
1158 2660 1350 2745 lernsnlymis
1365 2662 1401 2723 ad
1439 2636 1494 2702 Μ’]

269 2792 335 2849 me,
354 2770 424 2852 quia
440 2790 500 2831 non
515 2790 580 2833 sum
597 2768 746 2844 Christus,
769 2768 821 2831 sed
838 2766 977 2848 quoniam
992 2767 1102 2830 missus
1118 2788 1182 2829 sum
1199 2779 1270 2831 ante
1283 2767 1400 2850 ipsum3

269 2876 326 2959 qui
343 2872 434 2938 labet
448 2874 527 2940 euim
543 2893 682 2960 sponsam
697 2892 825 2958 sponsus
841 2882 897 2950 est,
922 2873 1035 2937 eminus
1058 2884 1157 2938 eutem
1173 2873 1276 2958 spousi
1292 2872 1403 2956 estqui

271 2993 338 3048 stat
347 2990 378 3044 et
387 2981 469 3044 audit
477 3000 544 3046 eum
561 2990 591 3044 et
605 2979 712 3064 gaudio
727 2980 839 3066 gaudet
853 2989 973 3062 propter
987 3001 1092 3044 nouem
1107 2973 1233 3066 spousi?
1251 2981 1345 3046 Huius
1357 2981 1402 3045 rei
1414 2992 1445 3042 10

271 3085 455 3171 mysterium
476 3097 628 3152 ostensum
649 3097 706 3165 est,
730 3086 816 3152 huius
841 3086 943 3169 sponsi
965 3087 1124 3152 aduentum
1148 3087 1326 3172 sapientium
1340 3086 1402 3150 uir·

271 3195 378 3277 ginum
394 3192 501 3256 odorus
517 3203 674 3276 expectat,
697 3192 765 3258 huie
781 3193 910 3276 praefert
925 3193 1036 3258 lumina
1052 3195 1190 3279 peruigili
1205 3214 1277 3257 eura
1299 3202 1403 3257 saneta

274 3299 454 3381 uirginitas:
487 3299 714 3383 expectantibus
743 3317 885 3382 sponsum
916 3300 1015 3364 seruis
1045 3299 1173 3362 lelieiuns
1203 3297 1404 3382 praemiorum

275 3407 459 3490 promittitur
481 3425 599 3470 munus.
646 3405 816 3470 lunenimus
841 3405 918 3467 euim
946 3405 978 3468 in
1000 3404 1158 3486 euangelio
1181 3410 1247 3463 eata
1270 3400 1400 3462 Lunam:

272 3506 351 3576 ‘siut
373 3511 463 3576 lumbi
486 3512 582 3575 uestri
605 3509 766 3593 praecineti
789 3517 820 3570 et
840 3508 982 3572 lucernae
1003 3507 1144 3570 ardentes
1167 3515 1199 3569 et
1221 3526 1276 3569 uos
1291 3504 1445 3568 similes15

277 3617 448 3682 hominibus
470 3612 697 3697 expectantibus
720 3613 870 3676 dominum
893 3634 980 3676 suum
996 3614 1114 3695 quando
1134 3611 1238 3676 ueniat
1259 3594 1513 3726 suaptiislpgssg]

276 3735 309 3788 ut
333 3744 401 3786 eum
422 3719 541 3786 uenerit
563 3729 593 3782 et
613 3717 777 3800 pulsauerit
796 3719 933 3801 operiant
952 3719 1008 3784 illi.
1041 3719 1159 3783 Felices
1174 3719 1256 3782 serui
1269 3719 1315 3782 illi
1329 3739 1403 3800 quos

277 3828 443 3892 adueniens
460 3825 596 3889 domiuus
615 3823 766 3888 inuenerit
781 3818 964 3907 uigilantes.³
994 3825 1072 3889 Eoee
1094 3827 1332 3890 demerendorum
1355 3844 1405 3888 re-

278 3953 456 4018 sponsorum
473 3931 603 3996 oraoulis
625 3949 752 4014 sponsus
773 3941 913 3996 ostensus
935 3943 992 3996 est.
1024 3931 1100 4011 Quid
1121 3931 1224 3996 sotini
1239 3933 1272 3996 iu
1288 3930 1404 3995 aeerltis

279 4040 398 4104 nasibus
414 4037 591 4104 constitutus
608 4038 726 4101 beatum
741 4057 850 4102 nomeu
866 4037 1008 4119 inponis?
1037 4039 1069 4102 st
1085 4039 1130 4102 uis
1145 4038 1288 4102 liberatus
1303 4038 1404 4101 lumen
1413 4040 1447 4090 ²⁰

162 4191 177 4241 ,ἢ
280 4145 363 4227 sequi
380 4145 493 4228 spousi,
511 4144 612 4230 proice
628 4163 748 4208 errores
764 4153 795 4206 et
810 4142 949 4227 peruigili
966 4164 1037 4209 eura
1052 4144 1211 4221 sollieitus‚
1225 4142 1405 4226 praeseden-

282 4252 322 4316 tis
338 4251 419 4316 uitae
433 4251 568 4316 facinora
587 4249 729 4334 religiosa
744 4250 902 4317 deuotione
918 4250 1043 4334 oustige.
1073 4251 1159 4314 'l'nne
1180 4260 1210 4311 te
1231 4250 1262 4312 in
1285 4247 1406 4312 nomine

282 4377 336 4420 suo
352 4378 418 4420 eum
435 4358 607 4440 uigilantem
622 4355 773 4419 inuenerit
787 4377 927 4440 sponsus,
953 4378 1020 4419 oum
1042 4357 1112 4419 lidei
1134 4366 1204 4418 tuae
1226 4354 1333 4417 merita
1356 4376 1405 4416 eo-

282 4463 432 4544 gnouerit,
450 4463 529 4528 dabit
543 4461 705 4528 maximum
722 4462 897 4545 praemium,
918 4462 1000 4525 dabit
1012 4463 1160 4545 integrum
1175 4482 1295 4539 munus,
1312 4461 1406 4524 intra·

350 4636 384 4686 22
398 4635 526 4686 exultauit
632 4636 820 4687 tlmisterium
933 4635 1144 4702 tdexpeetsntes
1258 4633 1405 4686 ldaeernis

283 4723 312 4772 nt
328 4720 438 4786 peruigil
452 4747 484 4757 -
497 4719 672 4786 praeuidentia
