3725 5850
985 642 1032 712 28

404 830 491 902 nabis
507 852 572 893 cum
588 850 624 892 co
640 828 715 892 caeli
730 827 904 905 thalamum,
928 825 1044 889 uidehis
1059 823 1172 907 regiam
1188 822 1290 885 mundi
1306 832 1337 885 ct
1350 832 1385 885 ut
1400 842 1491 885 ueros
1509 844 1590 905 par-

446 936 539 1019 ticeps
562 955 629 999 esse
652 935 747 1019 possis
769 956 787 998 a
809 934 942 1019 piissimo
964 954 999 996 ac
1020 930 1184 995 iustissimo
1205 928 1325 992 domino
1347 928 1588 991 inmortalitatis

321 1042 499 1107 Falto-‚tihi
520 1042 616 1125 gratia
640 1042 823 1126 conferetur.
844 1052 849 1130 Ι
871 1038 1004 1102 Alterius
1030 1036 1147 1122 prolani
1171 1036 1353 1099 sacramenti
1383 1034 1502 1116 signum
1529 1046 1585 1097 est

336 1123 528 1222 [⁰¹²⁰·]dad3
542 1144 578 1211 ἐκ
594 1144 727 1233 πέτρας.
760 1147 822 1210 Cur
843 1145 899 1208 hoc
921 1154 1056 1207 sanctum
1081 1142 1343 1223 uenerandumque
1364 1150 1514 1204 secretum
1538 1142 1580 1203 ad

445 1255 585 1337 profanos
608 1264 691 1317 actus
712 1252 878 1315 adulterata
904 1249 1090 1333 professione
1112 1248 1304 1311 transfertis?
1334 1244 1419 1308 Alius
1435 1257 1484 1309 est
1498 1246 1579 1329 lapis

446 1380 533 1442 quem
564 1361 636 1422 deus
665 1359 696 1421 iu
726 1355 936 1420 confirmandis
968 1354 1164 1417 fundamentis
1195 1353 1361 1437 promissae
1384 1352 1575 1415 Hierusalem

403 1480 418 1529 5
446 1466 605 1529 missurum
622 1484 656 1527 se
671 1483 739 1527 esse
759 1462 915 1546 promisit:
943 1459 1080 1523 Christus
1104 1459 1190 1523 nohis
1214 1458 1379 1522 uenerandi
1400 1458 1508 1542 lapidis
1531 1458 1576 1520 si-

446 1569 637 1654 gnificatione
659 1579 855 1632 monstratur.
895 1566 972 1646 Quid
996 1576 1028 1629 tu
1044 1566 1081 1628 ad
1097 1566 1328 1628 commaculatas
1343 1565 1576 1648 superstitiones

447 1678 558 1740 furtiua
579 1675 683 1739 fraude
699 1673 863 1737 uenerandi
884 1673 1030 1736 transiens
1051 1673 1180 1735 nominis
1203 1671 1399 1755 dignitatem?
1430 1671 1577 1755 Lapidem

446 1794 528 1846 tuum
549 1782 638 1846 ruina
660 1781 796 1864 sequitur
817 1791 847 1843 et
873 1777 1041 1842 cadentium
1063 1778 1223 1841 culminum
1253 1778 1370 1840 funesta
1399 1778 1575 1859 conlapsioz

446 1900 551 1953 noster
566 1888 641 1972 lapis
660 1887 707 1951 dei
723 1886 864 1950 fundatus
880 1907 969 1949 manu
985 1886 1110 1964 extruit,
1128 1885 1295 1961 confirmat,
1313 1884 1415 1967 erigit,
1433 1885 1579 1946 munitet

406 1996 607 2061 inrestaurati
629 1994 727 2077 operis
750 1994 876 2076 gratiam
900 2002 1058 2075 perpetuae
1081 1990 1304 2053 inmortalitatis
1325 1990 1485 2074 splendore
1501 2012 1578 2052 con-

347 2116 380 2177 [ο.
393 2114 437 2176 28,
448 2102 582 2165 decorat.
613 2097 664 2160 Ait
679 2099 757 2160 enim
774 2098 810 2160 de
826 2098 881 2160 hoe
895 2098 1002 2161 Esaias
1016 2094 1137 2159 iubente
1152 2106 1258 2159 sancto
1273 2096 1399 2179 spiritu:
1419 2090 1479 2159 ‘sic
1502 2094 1578 2157 dicit

367 2180 421 2246 ¹⁶⁶]
448 2206 606 2268 dominus:
625 2223 693 2265 ecce
709 2224 766 2285 ego
781 2203 898 2265 inmitto
913 2203 944 2264 in
959 2203 1150 2265 fundamenta
1163 2202 1236 2264 Sion
1251 2202 1378 2286 lapidem
1394 2201 1574 2285 pretiosum,

447 2312 584 2385 electum,
608 2329 753 2372 sommum
769 2308 956 2390 angularem,
979 2309 1155 2371 honoratum
1172 2320 1203 2371 et
1218 2308 1268 2390 qui
1283 2307 1442 2372 crediderit
1457 2308 1491 2371 in
1507 2329 1576 2372 eum

404 2502 406 2507 ,
447 2440 505 2481 non
530 2404 749 2479 contundetur.²
795 2413 828 2475 ln
854 2414 976 2497 psalmis
1000 2413 1090 2476 ctiam
1113 2413 1210 2476 simila
1233 2434 1409 2497 responsum
1434 2425 1500 2494 est3
1533 2417 1576 2478 ait

407 2540 437 2589 15
448 2525 526 2587 enim
543 2521 664 2605 spiritus
679 2530 800 2583 sanctus
816 2519 846 2582 in
863 2519 1025 2582 centesimo
1041 2529 1072 2582 et
1086 2520 1212 2602 septimo
1228 2520 1344 2584 decimo
1359 2523 1494 2605 psalmo:
1516 2516 1576 2585 ‘la-

354 2617 390 2734 [J
404 2617 437 2665 ‘²2
449 2632 492 2715 pis
508 2650 592 2713 quem
611 2627 848 2711 reprobaueruut
862 2625 1051 2690 aedificantes
1068 2625 1115 2689 hic
1131 2626 1225 2690 lactus
1241 2637 1288 2689 est
1306 2626 1339 2689 in
1355 2639 1443 2711 caput
1458 2629 1575 2711 anguli,

399 2722 404 2733 ⁵
448 2761 464 2800 a
487 2737 606 2801 domino
629 2735 722 2796 factus
746 2744 792 2797 est
815 2734 873 2795 istc
896 2744 926 2795 et
949 2742 997 2795 est
1017 2732 1162 2795 mirabilis
1184 2732 1216 2794 iu
1239 2732 1334 2795 oculis
1357 2733 1481 2798 nostris.
1517 2735 1579 2796 Per

448 2842 556 2905 multos
573 2839 732 2921 prophetas
748 2838 870 2920 spiritus
886 2848 1008 2902 sanetus
1020 2840 1149 2903 nominis
1161 2839 1248 2901 istius
1261 2840 1395 2902 ordinem
1408 2850 1575 2917 monstrat3

447 2950 490 3011 ait
513 2948 591 3010 enim
616 2944 778 3006 Zacharias
801 2945 963 3027 propheta:
991 2938 1075 3009 ‘ecce
1096 2965 1152 3029 ego
1172 2948 1286 3010 adduco
1316 2968 1438 3030 puerum
1461 2967 1575 3024 meum,

406 3056 439 3105 20
450 3054 540 3117 Ortus
563 3071 671 3114 nomen
693 3049 719 3112 ei
743 3059 800 3127 est,
825 3050 962 3132 quoniam
977 3050 1052 3135 lapis
1068 3072 1156 3134 quem
1172 3053 1239 3116 dedi
1255 3064 1324 3117 ante
1340 3053 1444 3117 faciem
1461 3053 1574 3130 lliesu3

343 3131 540 3264 [ffiffsuper
555 3156 678 3240 lapidem
695 3155 791 3238 ipsum
809 3175 898 3217 unum
914 3167 1027 3239 septem
1044 3158 1123 3221 oculi
1138 3152 1232 3224 sunt.²
1261 3161 1318 3224 Sed
1333 3171 1367 3222 ut
1385 3159 1576 3223 manifestius

449 3276 567 3329 constet
580 3263 746 3346 antiquiora
764 3264 1001 3326 uenerandarum
1018 3263 1176 3328 lectionum
1191 3277 1309 3330 secreta
1324 3267 1499 3350 pandamus.
1540 3265 1574 3327 ln

348 3371 682 3448 [e.27,Dcuteronomio
703 3370 745 3432 ita
766 3368 1002 3454 conprehensum
1023 3381 1088 3433 est:
1117 3365 1162 3433 ‘et
1183 3371 1297 3436 scribes
1326 3393 1418 3455 snper
1446 3371 1574 3454 lapidem

376 3451 415 3518 δ’]
448 3501 565 3544 omnem
581 3478 677 3561 legem
694 3469 793 3540 hauc?
824 3477 932 3541 Hiesus
949 3477 1037 3540 etiam
1052 3477 1137 3541 Naue
1152 3477 1237 3541 iussu
1253 3477 1420 3541 diuinitatis
1437 3479 1493 3541 hoc
1508 3498 1575 3561 spe·

407 3593 439 3644 25
450 3585 564 3647 cialiter
586 3584 815 3668 conprehendit3
848 3584 890 3646 ait
912 3582 1010 3646 enim:
1034 3577 1079 3646 ‘et
1100 3585 1213 3668 accepit
1233 3584 1358 3668 lapidem
1381 3605 1520 3664 magnum
1544 3594 1575 3646 et

343 3667 439 3802 ,iffi
450 3690 554 3752 statuit
569 3709 635 3752 eum
652 3699 757 3752 contra
772 3690 934 3752 dominum.
966 3689 1005 3750 Et
1019 3689 1061 3752 ait
1075 3689 1183 3755 lliesus
1200 3692 1236 3753 ad
1261 3691 1415 3774 populum:
1441 3712 1511 3754 ecee
1531 3691 1574 3753 la-

323 3818 438 3878 datach.
451 3795 494 3878 pis
510 3794 568 3858 iste
585 3795 642 3857 erit
657 3794 729 3856 mihi
744 3795 775 3856 in
790 3794 994 3858 testimonium
1010 3795 1079 3878 quia
1095 3795 1152 3859 iste
1168 3796 1280 3861 audiuit
1295 3797 1394 3859 omnia
1407 3817 1484 3878 quae
1498 3797 1575 3859 dicta

449 3912 551 3964 sunta
568 3900 688 3963 domino
703 3901 820 3982 quando
836 3901 975 3982 loquutus
991 3901 1090 3964 estad
1107 3922 1173 3979 nos,
1196 3911 1227 3963 et
1243 3901 1301 3964 erit
1314 3903 1373 3964 iste
1387 3902 1474 3967 nohis
1490 3903 1573 3966 testi-

449 4008 580 4073 monium
596 4008 628 4071 in
644 4006 808 4071 nouissimo
821 4005 936 4069 dierum
947 4007 1065 4088 quando
1080 4008 1268 4072 recesseritis
1280 4029 1298 4070 a
1310 4009 1430 4071 domino
1446 4001 1573 4073 uestro.²

449 4114 531 4194 Quod
554 4125 653 4178 autem
677 4133 730 4198 per
752 4112 830 4176 hunc
846 4112 971 4196 lapidem
986 4113 1015 4176 id
1028 4125 1076 4176 est
1089 4135 1144 4198 per
1159 4114 1308 4176 dominnm
1325 4125 1460 4178 nostrum
1477 4115 1573 4178 lesum

408 4255 423 4304 5
451 4221 601 4285 Christum
619 4233 650 4286 et
664 4219 705 4284 dii
720 4219 771 4282 isti
788 4218 887 4282 casuri
903 4219 965 4282 siut
980 4231 1010 4284 et
1024 4221 1179 4284 multitudo
1199 4219 1378 4284 templorum
1398 4232 1500 4304 aperte
1515 4221 1575 4284 Da·

512 4409 524 4460 1
540 4409 675 4460 confertur
710 4409 725 4462 7
740 4407 876 4460 transieris
926 4411 957 4462 to
968 4426 1019 4475 pro
1032 4409 1143 4475 eoquod
1154 4414 1196 4459 est
1207 4416 1345 4474 perpetuae
1353 4426 1386 4459 aa
1394 4424 1455 4459 eum
1462 4409 1573 4460 Ochtaro

450 4493 617 4544 scribendum
626 4502 862 4562 cenaeosperpctno
870 4496 970 4563 es4s010
981 4492 1034 4558 ttb,
1042 4493 1057 4545 7
1066 4513 1074 4557 ;
1084 4495 1140 4556 2⁷¹,
1151 4493 1192 4544 19.
1220 4494 1246 4544 11
1261 4496 1366 4545 iuuenta
1374 4521 1409 4532 -
1417 4494 1510 4560 spirito
1518 4494 1556 4544 sic
1566 4512 1573 4557 3

449 4579 512 4630 dicit
537 4579 568 4630 ll
581 4578 660 4628 simili
698 4580 728 4630 15
743 4581 841 4631 decimo
852 4581 936 4632 deart-
967 4581 999 4631 2⁰
1013 4578 1107 4628 l*locus
1118 4592 1191 4643 quom
1200 4579 1330 4642 deditune
1341 4579 1408 4631 facie
1418 4579 1522 4629 hiesus:
1535 4580 1572 4645 rs.

451 4664 580 4732 Cypriae.
592 4667 655 4714 teat·
665 4662 696 4727 ll,
707 4664 748 4728 16,
758 4681 783 4731 ρ.
794 4667 852 4716 553,
900 4665 935 4715 22
948 4664 1085 4729 antiquora
1098 4662 1305 4715 uenerandornm
1339 4667 1373 4721 23
1387 4664 1574 4717 deuteronomii

1666 254 1692 670 l

1681 707 1702 1356 l

1693 3306 1702 3678 t
