3725 5850
1015 631 1061 699 30

432 809 624 875 tteatinctae
639 808 826 873 idololatriae
842 819 946 892 percat
961 809 1079 873 lunesto
1093 812 1243 893 contagio.
1274 811 1390 875 Veneni
1413 812 1501 875 lanius
1516 813 1608 877 uirus

474 916 596 979 euanuit
623 926 654 977 et
680 935 733 999 per
754 916 820 979 dies
847 914 981 997 singulos
1001 915 1168 980 substantia
1189 919 1333 999 profanae
1353 917 1523 1001 cupiditatis
1546 939 1608 982 ex·

473 1022 579 1105 spirat.
612 1020 726 1103 Erigite
741 1022 886 1085 uexillum
902 1021 982 1100 fidei,
1006 1021 1092 1086 uobis
1108 1021 1164 1084 ltoo
1179 1022 1320 1086 diuinitas
1340 1023 1531 1086 reseruanit:
1559 1027 1607 1087 la-

473 1148 548 1191 uore
563 1127 627 1189 eius
643 1129 808 1190 eminentes
825 1138 1027 1210 prostratores
1042 1128 1115 1192 estis
1131 1128 1262 1192 omnium
1284 1129 1413 1191 hostium
1429 1140 1604 1191 nestrorum

474 1254 600 1315 quornm
624 1252 714 1317 opera
736 1233 898 1295 Romanum
922 1232 1130 1295 infirmabatur
1150 1233 1317 1316 imperium.
1359 1232 1484 1317 Signum
1508 1254 1603 1297 uene·

430 1355 463 1404 20
475 1339 585 1402 randae
601 1338 675 1421 legis
692 1338 811 1420 erigite,
829 1337 957 1415 sancite,
974 1340 1160 1420 promulgate
1175 1340 1252 1421 qnod
1269 1338 1376 1422 prosit.
1407 1339 1454 1401 Sit
1470 1341 1602 1403 faustum

475 1443 607 1525 felixque
627 1444 672 1505 rei
694 1443 826 1527 publicae
842 1444 920 1526 quod
942 1443 1022 1507 inter
1043 1465 1169 1507 aceruos
1190 1466 1344 1509 caesarum
1365 1444 1533 1507 hostiarum
1547 1445 1602 1509 lto·

473 1550 564 1612 etium
590 1548 796 1631 prostrauistis
818 1550 997 1612 exercitum.
1040 1549 1155 1613 Felices
1180 1570 1235 1613 uos
1257 1570 1393 1633 quoqne:
1424 1550 1543 1633 gloriae
1565 1574 1603 1613 ac

474 1656 640 1719 uoluntatis
655 1675 728 1719 snae
744 1655 816 1717 dens
832 1654 904 1717 lecit
919 1675 988 1718 esse
1003 1655 1175 1739 participes,
1198 1655 1386 1719 idololatriae
1401 1656 1554 1719 excidium
1571 1668 1604 1720 et

474 1761 661 1843 profanarum
673 1760 789 1825 aedium
805 1760 923 1824 ruinam
941 1761 1087 1844 propitius
1102 1762 1239 1826 Christus
1256 1762 1363 1845 populo
1378 1762 1489 1825 nestris
1505 1763 1603 1825 mani-

348 1870 461 1926 Fotetb.
473 1867 528 1930 lus
551 1868 733 1930 reseruanit.
765 1867 817 1930 llle
839 1867 1023 1949 spiritalibus
1044 1869 1136 1930 armis
1157 1868 1252 1931 malos
1275 1867 1410 1951 spiritus,
1428 1867 1433 1952 l
1450 1888 1506 1930 nos
1521 1868 1603 1931 mala

473 1982 595 2036 terrena
611 1972 738 2037 dicistis.
769 1972 885 2056 Erigite
901 1982 1005 2056 tropea
1020 1973 1166 2037 uictoriae
1181 1983 1212 2035 et
1226 1975 1413 2055 praeferatur
1432 1973 1541 2054 ingene
1563 1974 1602 2035 ti-

472 2076 552 2141 tulus
568 2079 801 2162 triumphorum=
826 2080 1018 2160 profanarum
1034 2099 1137 2141 rerum
1153 2088 1256 2161 strage
1275 2079 1442 2161 gaudentes
1464 2077 1602 2141 exultate

473 2183 592 2260 lortius,
616 2183 751 2247 exultate
771 2183 908 2246 fidenter.
946 2184 1086 2248 Felicitas
1107 2195 1209 2248 uestra
1229 2205 1297 2247 cum
1321 2184 1369 2247 dei
1391 2184 1506 2247 uirtute
1528 2205 1602 2245 con·

431 2296 446 2345 5
472 2287 617 2369 iungitur,
642 2308 697 2371 pro
718 2288 814 2351 salute
836 2288 988 2352 hominum
1008 2288 1130 2353 Christo
1152 2299 1302 2373 pugnante
1324 2289 1452 2354 uicistis.
1492 2287 1602 2351 Omnia

349 2370 383 2435 [θ’
395 2369 451 2435 ²¹·]
472 2392 607 2477 symbola
623 2394 765 2477 profanae
780 2393 936 2477 religionis
952 2395 1153 2477 perordinem
1169 2406 1379 2478 suggerantur,
1394 2405 1428 2457 ut
1439 2393 1602 2477 prolocutus

473 2498 689 2581 nequissimum
705 2497 819 2561 hostem
836 2500 958 2583 generis
980 2500 1100 2563 humani
1116 2502 1153 2563 de
1172 2503 1286 2565 sanctis
1307 2501 1381 2565 haec
1402 2499 1602 2565 uenerandis-

472 2624 529 2687 que
544 2606 753 2689 prophetarum
769 2603 901 2669 oraculis
916 2603 954 2667 ad
969 2606 1169 2670 contaminata
1182 2608 1294 2671 luroris
1309 2606 1358 2671 sui
1371 2605 1487 2670 scelera
1499 2615 1602 2669 trans·

473 2712 586 2775 tulisse.
620 2711 791 2775 lnuenimus
807 2711 887 2775 enim
901 2711 945 2774 ita
960 2712 1037 2775 dici=
1060 2704 1143 2793 ariol,
1166 2706 1315 2796 δίκερως,
1331 2703 1487 2797 δίμορφα.
1518 2709 1601 2773 Deus

431 2817 529 2882 loiste
551 2827 733 2879 nosternon
754 2817 890 2880 biformis
920 2830 967 2881 est
995 2820 1049 2882 sed
1079 2819 1287 2883 multiformis:
1319 2817 1350 2881 iu
1380 2815 1489 2880 multas
1519 2816 1601 2877 enim

472 2921 588 3004 species
605 2922 746 2986 uenenati
762 2922 823 2986 oris
839 2924 933 2986 torma
950 2935 1092 2990 motatur.
1117 2924 1184 3009 lpse
1198 2934 1247 2988 est
1259 2922 1417 2987 basiliscus
1432 2932 1464 2986 et
1477 2920 1601 3006 scorpio

473 3027 522 3109 qui
538 3025 667 3090 fidelium
681 3026 798 3091 securis
813 3027 950 3110 uestigiis
965 3031 1121 3112 premitur,
1130 3030 1195 3113 ipse
1210 3029 1378 3092 malitiosus
1390 3028 1496 3110 anguis
1512 3027 1601 3092 euius

473 3144 560 3216 caput
575 3133 694 3214 quaerit
708 3133 831 3216 decepta
853 3134 1035 3211 mortalitas,
1059 3134 1124 3219 ipse
1144 3145 1301 3199 tortuosus
1322 3134 1412 3198 draco
1434 3133 1484 3215 qni
1509 3131 1601 3195 ltamo

472 3238 601 3316 ducitur,
625 3238 676 3320 qni
699 3239 834 3323 captiuus
854 3240 1033 3303 includitur:
1057 3239 1114 3304 iste
1136 3240 1209 3304 deus
1224 3252 1328 3305 nester
1341 3239 1470 3303 Lernaei
1491 3238 1600 3321 anguis

432 3345 604 3410 ttcrinibns
626 3346 801 3409 adornatur.
839 3345 935 3410 Viden
957 3356 991 3410 ut
1011 3367 1155 3430 percusso
1177 3347 1297 3411 domino
1326 3345 1518 3410 morientium
1545 3365 1600 3408 an-

473 3451 571 3534 guium
596 3450 682 3515 turta
705 3454 867 3516 succedat?
909 3452 985 3532 Quid
1007 3452 1052 3517 sic
1074 3452 1299 3516 renascentibus
1322 3450 1426 3535 hydris
1448 3450 1600 3534 pullulas?

474 3555 542 3636 quid
559 3568 589 3618 te
604 3559 729 3621 secunda
744 3559 892 3623 scelerum
908 3558 1010 3622 sobole
1025 3556 1200 3641 componis?
1222 3557 1328 3620 mortis
1343 3566 1412 3620 tuae
1427 3556 1507 3622 mam
1523 3556 1599 3618 didi-

474 3661 579 3737 cimns,
594 3662 704 3726 scimus
716 3665 821 3746 quihus
837 3665 977 3728 remediis
992 3664 1068 3728 artis
1083 3673 1153 3727 tuac
1167 3682 1284 3726 uenena
1293 3661 1464 3725 uincantur.
1483 3660 1599 3724 Christi

473 3766 659 3829 inmortalem
682 3772 856 3851 sanguinem
879 3770 1023 3847 bibimus,
1054 3780 1157 3833 nostro
1177 3767 1317 3852 sanguini
1338 3767 1450 3831 Christi
1473 3767 1598 3850 sangnis

430 3887 463 3938 to
473 3871 629 3934 adiunctus
654 3884 719 3936 est:
745 3875 801 3938 hoc
824 3885 871 3938 est
892 3876 1026 3939 salutare
1041 3874 1206 3939 remedium
1221 3873 1369 3936 scelerum
1385 3882 1503 3936 tuorum
1518 3873 1595 3955 quod

472 3975 594 4040 cottidie
616 3999 634 4040 a
658 3978 750 4041 liliata
772 3981 819 4044 dei
842 3981 927 4063 plebe
942 3982 1127 4044 mortiferum
1143 3979 1228 4044 uirus
1243 3978 1390 4042 excludit.
1422 3977 1494 4057 Quis
1509 3978 1596 4041 deum

472 4083 560 4148 istum
581 4103 669 4168 quem
685 4085 829 4169 plangunt
844 4107 910 4150 cum
927 4086 1067 4150 cornibus
1092 4085 1188 4149 uidit?
1210 4104 1287 4168 qnae
1310 4095 1382 4148 sunt
1402 4084 1461 4149 ista
1483 4103 1597 4146 cornua

530 4237 562 4289 tt
574 4235 654 4290 *ctus
667 4253 721 4289 om.
759 4238 790 4290 ll
803 4237 971 4290 llrmabntnrs
984 4239 1284 4290 connumerabatur-t
1319 4237 1350 4290 21
1366 4235 1532 4287 *hostiarum
1542 4251 1594 4287 om.

471 4320 616 4374 24¹*ruina
679 4324 869 4378 terraticum.
928 4324 1014 4375 Sacis
1073 4319 1524 4378 venutfflercsmsmt.
1543 4323 1599 4370 παῖ

472 4401 605 4473 timeus?
727 4409 758 4460 1³
771 4409 874 4475 quaerit
885 4425 917 4459 nc
929 4408 1091 4460 mutandam
1097 4415 1177 4474 potas
1185 4409 1246 4459 nida
1256 4408 1349 4459 Gener.
1358 4407 1384 4471 3,
1394 4407 1441 4458 15ι
1456 4397 1540 4462 dordr
1546 4417 1597 4456 σου

473 4479 586 4554 τηρήσει
597 4483 727 4557 κεφαλήν,
742 4493 815 4561 quod
825 4495 981 4562 Cyprianus
994 4496 1108 4557 (testim.
1117 4492 1182 4556 tte,
1196 4508 1222 4557 p'.
1231 4494 1293 4557 tto)
1306 4491 1443 4543 reddidit:
1456 4490 1514 4556 ipae
1525 4497 1596 4539 tunna

473 4573 721 4639 obscrnnbitcaput.
778 4577 936 4632 15*uident
987 4576 1266 4642 20*qnodomirsnm
1321 4577 1599 4643 21*adciata:quod

471 4661 553 4724 porat
564 4657 723 4723 defenditur
734 4665 821 4713 nortia
833 4679 903 4727 puae
914 4667 982 4712 sont
992 4660 1083 4710 filiatio
1097 4666 1126 4712 at
1136 4660 1268 4712 adfiliatus
1280 4663 1355 4728 apud
1364 4663 1444 4715 lotor
1456 4663 1553 4712 edatis.
