3725 5850
987 620 1032 688 12

447 800 542 863 turnis
565 799 721 862 itineribus
742 799 779 861 ad
795 798 1003 884 Syracusanae
1024 800 1155 863 ciuitatis
1177 800 1248 863 litus
1268 821 1335 862 cum
1353 800 1469 882 lugubri
1487 812 1576 864 ueste

405 926 480 976 enac
496 906 615 969 sordido
631 906 770 988 squalore
784 903 933 989 peruenit.
965 905 1029 968 Nec
1050 905 1112 967 illic
1130 906 1224 968 deluit
1239 907 1289 988 qui
1304 905 1456 969 credulam
1473 908 1509 967 de
1525 928 1578 968 ca-

446 1012 625 1075 lamitatibus
641 1012 703 1075 suis
720 1012 837 1075 falleret
851 1021 997 1075 matrem:
1016 1010 1059 1073 ait
1072 1031 1105 1074 se
1117 1011 1271 1074 Pandarus
1282 1010 1386 1073 nescio
1399 1012 1449 1093 qui
1462 1011 1577 1075 uidisse

447 1139 506 1181 non
529 1118 617 1199 longe
638 1140 657 1180 a
678 1118 816 1200 Pachyno
837 1138 942 1182 nauem
971 1129 1119 1201 raptorem
1142 1117 1313 1180 ascendisse
1342 1137 1409 1179 cum
1439 1119 1571 1201 uirgine.

445 1225 622 1287 Persuasum
639 1236 685 1287 cst
700 1224 817 1286 mulieri
832 1243 920 1306 quae,
938 1224 1004 1305 quia
1022 1222 1154 1305 quolibet
1168 1243 1279 1305 genere
1295 1224 1399 1286 uiuere
1416 1223 1504 1287 filiam
1521 1246 1573 1287 cu·

445 1329 545 1414 piebat
568 1330 681 1402 audire,
706 1328 830 1392 infinitis
845 1330 931 1392 donis
954 1338 1128 1391 remunerat
1142 1329 1305 1391 ciuitatem.
1339 1328 1521 1412 Syracusani
1537 1331 1573 1393 li-

332 1452 386 1504 Fot.
398 1452 435 1506 sb.
446 1436 601 1499 beralitate
617 1434 750 1498 mulieris
767 1436 921 1517 prouocati
938 1430 943 1517 l
960 1446 1077 1517 raptum
1099 1435 1224 1519 uirginis
1239 1447 1417 1499 consecrant
1439 1448 1469 1499 et
1492 1436 1571 1498 miti-

445 1551 553 1625 gautes
575 1540 708 1603 dolorem
731 1540 836 1603 matris
861 1562 996 1624 pompam
1018 1542 1121 1605 miseri
1148 1542 1264 1605 funeris
1285 1543 1428 1605 excolunt
1457 1543 1571 1605 bonore

446 1647 634 1728 templorum.
664 1647 722 1709 Sed
738 1667 793 1709 neo
810 1646 865 1709 boc
881 1647 985 1710 sufficit
1000 1648 1100 1722 matri,
1114 1649 1169 1710 sed
1184 1668 1311 1711 ascensa
1326 1668 1403 1710 naue
1419 1669 1472 1730 per
1487 1669 1572 1731 pere-

445 1754 530 1836 griua
554 1752 643 1815 litora
665 1752 753 1815 liliam
771 1752 898 1835 quaerit.
931 1752 981 1816 Sic
1003 1753 1141 1817 fluctibus
1162 1754 1446 1837 tempestatibusque
1460 1756 1571 1817 iactata

403 1878 418 1925 5
446 1860 482 1921 ad
497 1858 612 1921 Atticae
629 1859 711 1922 urbis
727 1860 823 1923 loeurn
839 1860 995 1944 peruenit:
1019 1860 1080 1924 illic
1101 1860 1229 1944 hospitio
1251 1870 1373 1943 recepta
1395 1861 1501 1924 incolis
1526 1862 1572 1923 in·

444 1967 594 2049 cognitum
616 1966 711 2029 adhuc
733 1967 864 2030 triticum
887 1967 1005 2029 diuidit.
1036 1967 1136 2030 Locus
1160 1986 1200 2028 cx
1221 1966 1315 2048 patria
1339 1977 1424 2029 etex
1441 1968 1571 2030 aduentu

445 2072 578 2135 mulieris
601 2092 709 2134 nomen
733 2072 855 2154 accepit,
880 2093 948 2135 nam
965 2072 1087 2135 Eleusin
1108 2072 1203 2135 dictus
1225 2074 1369 2155 estquod
1391 2074 1461 2137 illuc
1477 2074 1571 2137 Ceres

443 2177 549 2240 relicta
568 2178 673 2240 Henna
696 2189 831 2241 uenerat.
878 2178 927 2241 Sic
949 2178 1026 2260 quod
1047 2178 1110 2260 ipsa
1131 2178 1301 2261 dispensato
1325 2181 1402 2261 qnod
1424 2180 1575 2243 adtulerat

444 2284 594 2346 frumento
612 2283 844 2367 colligendarum
861 2285 979 2366 frugum
1000 2284 1164 2347 tradiderat
1178 2285 1375 2367 disciplinam,
1402 2294 1470 2367 post
1490 2306 1572 2346 mor·

403 2401 503 2457 tutem
520 2389 556 2452 ob
574 2389 747 2453 beneficium
763 2390 841 2473 quod
857 2410 897 2453 ex
913 2391 1030 2473 frugum
1047 2390 1132 2472 copia
1152 2390 1331 2453 nascebatur
1351 2402 1383 2455 et
1403 2394 1519 2474 sepulta
1540 2392 1571 2453 in

443 2495 508 2558 loco
524 2506 571 2558 est
586 2497 697 2579 pariter
712 2508 742 2559 et
757 2508 932 2560 consecrata
948 2507 979 2559 et
993 2495 1094 2560 diuino
1107 2518 1175 2559 cnm
1190 2496 1249 2559 lilia
1266 2496 1413 2579 appellato
1436 2498 1569 2559 nomine.

442 2604 532 2665 Amat
548 2604 626 2666 euim
643 2603 826 2668 Graecorum
847 2603 956 2667 lenitas
972 2624 1025 2667 eos
1042 2602 1092 2685 qni
1114 2602 1173 2665 sibi
1193 2601 1302 2684 aliquid
1318 2603 1501 2666 contulerint
1523 2604 1572 2665 uel

444 2711 493 2792 qui
509 2710 636 2773 consilio
652 2721 704 2772 aut
719 2711 831 2773 uirtute
847 2730 880 2773 se
896 2710 1030 2773 iuuarint
1046 2708 1154 2772 diuinis
1176 2708 1327 2791 appellare
1349 2708 1517 2772 nominibus
1541 2721 1572 2772 ct

443 2817 487 2878 sic
508 2815 544 2879 ab
566 2816 639 2898 ipsis
661 2815 870 2879 beneficiorum
893 2818 990 2899 gratia
1012 2823 1202 2898 repensatur,
1230 2825 1261 2877 ut
1275 2816 1348 2877 deos
1363 2815 1474 2891 dicant,
1498 2817 1569 2878 deos

403 2941 513 2989 15esse
534 2921 675 2999 credant,
700 2922 747 3003 qui
771 2922 827 2985 sibi
850 2922 1008 3004 aliquando
1030 2923 1207 3003 proluerint.
1240 2921 1290 2985 Sic
1309 2922 1346 2984 dc
1361 2922 1472 2984 Libero
1487 2922 1569 3006 Nysa

443 3048 503 3088 non
520 3026 633 3089 dubitat
648 3049 703 3090 nec
719 3029 754 3090 de
770 3029 857 3092 nouis
872 3028 998 3110 ambigit
1011 3029 1117 3111 Sparta
1132 3028 1299 3108 sideribus3
1323 3039 1437 3092 cremat
1452 3040 1483 3093 et
1498 3052 1569 3092 con·

443 3145 542 3195 secrat
557 3133 715 3196 Herculem
740 3135 834 3198 tristis
851 3133 925 3197 Oeta
949 3145 979 3196 et
1001 3155 1019 3196 a
1035 3134 1121 3197 uanis
1138 3134 1330 3198 Cretensibus
1349 3136 1445 3198 adbuc
1462 3137 1569 3199 mortni

443 3239 530 3303 louis
540 3240 670 3303 tumulus
686 3241 836 3304 adoratur.
866 3239 993 3303 Additur
1007 3252 1119 3318 umen,
1142 3241 1336 3305 sacratissimi
1354 3242 1565 3324 lmperatores‚

443 3347 478 3408 ad
508 3347 594 3410 buius
617 3347 734 3430 profani
758 3347 872 3410 erroris
892 3358 1086 3431 augmentum
1108 3348 1185 3429 quod
1209 3347 1265 3410 bos
1286 3346 1454 3410 binomiues
1476 3348 1569 3410 idest

400 3471 433 3521 20
442 3451 580 3514 Liberum
604 3464 633 3514 et
654 3453 863 3538 Proserpinam
886 3455 1000 3517 maiore
1021 3455 1105 3536 qnasi
1127 3455 1304 3516 auctoritate
1321 3453 1475 3515 defendat:
1499 3474 1568 3532 nam

442 3557 582 3622 Liberum
605 3560 640 3620 ad
663 3560 757 3622 solent
778 3561 883 3622 uolunt
905 3561 1021 3623 referre
1041 3570 1208 3622 commenta
1225 3559 1420 3636 Graecorum,
1445 3558 1569 3622 Proser-

442 3662 540 3744 pinam
566 3682 638 3725 nero
654 3664 792 3728 Liberam
815 3667 946 3728 dicentes
965 3666 1064 3728 lunam
1080 3685 1148 3728 esse
1163 3665 1347 3748 confingunt.
1380 3665 1465 3743 Quod
1481 3687 1567 3746 quam

442 3766 600 3830 absurdum
617 3779 646 3831 et
662 3791 748 3851 quam
765 3773 906 3836 miserum
924 3771 964 3834 sit
981 3793 1021 3834 ex
1036 3772 1099 3856 ipsa
1117 3773 1254 3835 ueritatis
1278 3793 1435 3854 possumus
1451 3772 1568 3834 ratione

444 3873 598 3956 colligere.
636 3874 709 3954 Quis
731 3876 806 3940 uidit
827 3899 948 3960 puerum
973 3878 1090 3941 solem?
1111 3877 1179 3960 quis
1200 3878 1326 3942 lelellitl
1352 3877 1419 3960 quis
1441 3877 1569 3940 occidit?

329 3994 385 4044 tot.
397 3996 433 4046 ⁹³.
445 3979 511 4062 quis
527 3979 694 4044 lacerauitl
709 3985 712 4065 l
730 3983 795 4064 quis
811 3984 933 4046 diuisit?
949 3984 1015 4067 quis
1031 3986 1172 4048 membris
1188 3986 1251 4048 cius
1267 3985 1404 4068 epulatus
1421 3985 1489 4047 est?
1504 3983 1569 4064 quis

446 4088 544 4150 lunam
561 4090 681 4172 rapuit?
701 4091 767 4172 quis
783 4082 959 4154 abscondit?
979 4091 1045 4172 quis
1061 4091 1195 4154 Plutonis
1210 4092 1367 4176 coniugem
1391 4089 1480 4151 lecit?
1510 4089 1569 4150 Sed

441 4204 471 4257 et
488 4215 621 4258 errorem
644 4196 735 4260 istum
750 4195 871 4279 physica
885 4217 1007 4260 rursum
1023 4196 1129 4260 uolunt
1151 4199 1267 4262 ratione
1291 4209 1469 4282 protegere=
1492 4193 1569 4258 indi-

441 4299 538 4363 uisam
563 4313 689 4366 mentem
714 4313 745 4366 et
766 4301 892 4366 dinisam
907 4303 937 4365 id
953 4315 1001 4367 est
1022 4298 1080 4368 τὸν
1096 4295 1273 4389 ἀμέριστον
1287 4301 1347 4368 καὶ
1360 4298 1418 4368 τὸν
1431 4322 1569 4386 μεμερι-

509 4488 542 4540 21)
556 4487 595 4536 illi
705 4492 738 4544 23
751 4507 817 4557 quae
831 4508 879 4558 quo
893 4491 1007 4557 quolibet
1110 4492 1144 4546 21
1156 4488 1173 4523 ⁴*
1183 4491 1251 4542 dotis
1355 4493 1372 4542 8
1384 4489 1568 4554 l*dispensatio

442 4569 624 4622 attramento
718 4576 745 4627 ll
762 4577 865 4626 numine
966 4575 996 4626 15
1009 4572 1072 4625 Nise
1178 4576 1209 4627 tt
1223 4576 1334 4640 Spartba
1442 4577 1472 4626 11
1487 4575 1578 4624 oetas.

444 4659 474 4709 tt
487 4657 555 4709 *bos
569 4658 710 4708 bihomines
796 4660 938 4713 aetitiam
1025 4659 1141 4710 tdiuise
1157 4687 1187 4698 —
1201 4657 1530 4742 μΕΝΕΡΙθμΕΝΟΝ
