3725 5850
826 651 874 719 23

282 844 374 917 potus
389 832 558 897 nolentibus
573 832 753 915 ingeruntur
768 841 798 893 et
813 832 839 895 si
855 831 1040 896 conualuerit
1061 833 1183 907 malum,
1208 843 1239 895 ct
1260 832 1340 915 ignis
1361 832 1412 894 ad-

282 938 405 1003 hibetur
420 949 451 1003 et
466 940 589 1004 ferrum.
623 936 672 999 Sic
688 936 776 999 bomo
788 945 908 1020 recepta
924 938 1052 1000 sanitate
1068 946 1100 999 et
1113 936 1208 1000 salute
1224 937 1281 1002 sibi
1296 936 1413 1001 reddita

281 1043 419 1125 quicquit
432 1044 615 1128 aegrotantis
632 1042 767 1127 corporis
782 1042 857 1106 uitio
872 1043 985 1106 inuitus
1000 1062 1105 1125 passus
1121 1051 1167 1104 est
1182 1043 1239 1104 boc
1252 1052 1344 1104 totum
1358 1064 1412 1125 pro
1423 1053 1456 1103 20

283 1149 416 1213 utilitate
432 1170 486 1213 sua
503 1152 613 1213 lactum
629 1169 696 1213 esse
712 1148 819 1213 stantis
840 1148 931 1211 animi
952 1147 1063 1211 iudicio
1080 1147 1248 1209 confitetur.
1279 1145 1413 1231 Accipite
1423 1148 1456 1213 [a.
1471 1148 1526 1213 17·]

282 1255 390 1333 etiam,
408 1256 593 1319 sacrosancti
609 1255 770 1338 principes,
795 1254 913 1317 nomina
928 1275 1031 1317 eorum
1048 1274 1105 1334 qua
1120 1262 1189 1316 sunt
1202 1251 1319 1314 ratione
1335 1273 1414 1315 com·

284 1360 397 1443 posita.
429 1362 543 1424 Lumen
560 1361 614 1425 boc
630 1361 705 1441 quod
723 1360 890 1424 bominibus
904 1360 988 1423 iussu
1003 1360 1050 1422 dei
1065 1358 1174 1441 fugatis
1190 1339 1322 1422 tenebris
1336 1357 1415 1423 diem

284 1466 398 1539 reddit,
414 1466 491 1548 quod
506 1487 559 1549 per
574 1466 730 1529 duodecim
746 1466 886 1531 horarum
902 1466 999 1549 spatia
1014 1485 1120 1528 cursus
1135 1463 1182 1527 sui
1198 1464 1333 1527 ordinem
1344 1464 1416 1527 diri-

285 1572 343 1655 giu,
368 1571 466 1634 Solem
489 1572 546 1633 diei
571 1572 742 1648 uoluerunt,
769 1593 829 1635 non
845 1571 914 1654 quia
936 1571 1019 1635 solus
1042 1581 1100 1647 est,
1125 1579 1158 1633 ut
1173 1570 1290 1651 quidam
1312 1571 1457 1634 uoluntas

285 1676 412 1760 —quia
427 1677 488 1740 illic
500 1688 530 1739 et
545 1678 658 1743 caelum
672 1688 719 1741 est
733 1689 764 1741 et
778 1678 849 1742 luna
866 1688 897 1740 et
911 1676 968 1740 alia
985 1675 1111 1760 plurima
1126 1676 1225 1738 sidera
1241 1696 1316 1758 quae
1333 1676 1540 1740 uide-Fallet.

287 1803 355 1846 mus
367 1782 525 1865 exquibus
538 1784 681 1867 quaedam
694 1804 753 1847 una
769 1782 850 1847 serio
867 1792 895 1845 et
908 1781 1100 1845 cohaerentia
1112 1792 1253 1864 perpetua
1266 1782 1417 1865 semelque

287 1889 425 1971 copulata
441 1889 551 1967 lucent,
569 1890 629 1953 alia
644 1900 707 1953 toto
722 1910 826 1973 sparsa
841 1887 924 1951 caelo
941 1908 1035 1969 uagos
1050 1907 1154 1949 cursus
1169 1888 1232 1951 suis
1251 1888 1417 1951 metiuntur

288 1993 445 2059 erroribus
461 2031 502 2041 —
518 1995 570 2059 scd
585 1995 654 2058 ideo
669 1994 721 2059 Sol
744 1994 909 2078 appellatur
924 1993 993 2075 quia
1009 2014 1074 2056 cum
1091 2002 1175 2055 ortus
1199 1993 1290 2056 luerit
1311 1994 1417 2056 obscu-

288 2102 367 2167 ratis¹
385 2100 495 2165 ceteris
516 2100 665 2166 sideribus
688 2102 787 2165 luceat
807 2099 900 2165 solus.
933 2101 1019 2164 Luna
1042 2100 1131 2161 etiam
1148 2100 1222 2164 haec
1237 2100 1340 2162 eadem
1356 2099 1417 2161 Lu·
1444 2112 1460 2161 5

288 2207 368 2281 cina,
387 2216 565 2273 anocturno
585 2206 698 2277 lumine
720 2226 829 2271 nomen
850 2205 984 2290 accepite
1007 2206 1083 2269 banc
1104 2206 1193 2269 etiam
1214 2204 1330 2287 quidam
1348 2205 1417 2267 llia·

289 2334 360 2375 nam
382 2312 438 2375 dici
460 2312 620 2376 uoluerunt
642 2314 719 2397 quod
741 2324 936 2397 pernoctem
966 2313 1070 2376 lucens
1100 2309 1269 2375 bominibus
1291 2311 1417 2373 alterum

290 2439 366 2501 pene
383 2418 459 2481 diem
476 2418 577 2485 iaciat.
600 2419 684 2485 Mare
700 2430 807 2485 nantm
822 2441 840 2484 a
855 2417 1158 2501 natandoNeptunum
1172 2416 1230 2479 dici
1247 2418 1417 2493 uoluerunt,

290 2535 324 2587 et
338 2546 376 2587 ex
394 2524 449 2589 boc
465 2526 543 2606 qnod
562 2525 690 2589 libenter
711 2524 862 2588 iaciebant
883 2523 1081 2589 substantiam
1103 2521 1233 2586 nominis
1255 2521 1419 2602 figurantes

291 2642 442 2695 terrenam
464 2631 525 2693 uim
547 2650 664 2693 omnem
685 2640 773 2711 atque
795 2639 931 2692 naturam
952 2629 1050 2691 Ditem
1072 2640 1187 2709 patrem
1210 2627 1323 2701 dicunt,
1350 2628 1461 2706 quiaru

293 2738 367 2800 baec
381 2746 437 2816 gest
457 2744 566 2798 natura
589 2744 689 2797 terrae
714 2744 748 2796 ut
770 2744 799 2797 et
820 2732 956 2795 recidant
968 2732 1001 2795 in
1016 2751 1081 2795 earn
1097 2730 1197 2793 omnia
1213 2740 1244 2791 ct
1259 2750 1364 2793 rursus
1379 2751 1420 2794 ex

292 2864 330 2905 ca
354 2850 420 2903 orta
441 2840 614 2923 procedant,
637 2858 783 2921 quaeres
805 2837 989 2922 opulentiam
1012 2848 1112 2901 terrae
1134 2835 1312 2918 diuitiasque
1334 2858 1420 2899 mon-

291 2947 413 3014 strauit.
446 2947 576 3028 Frugum
592 2945 788 3012 substantiam
804 2945 909 3011 uolunt
923 2945 1132 3028 Proserpinam
1153 2943 1253 3007 dicere
1269 2944 1335 3026 quia
1359 2945 1420 3008 iru-

291 3075 346 3138 ges
362 3053 531 3117 bominibus
547 3073 612 3118 cum
627 3052 689 3116 seri
705 3051 858 3134 coeperint
872 3063 1010 3135 prosunt.
1033 3051 1159 3113 Terram
1173 3050 1268 3132 ipsam
1278 3050 1420 3113 Cererem

294 3159 451 3224 nominant
465 3179 574 3221 nomen
593 3158 682 3221 boca
703 3157 844 3240 gerendis
867 3156 1014 3220 fructibus
1035 3155 1174 3219 mutuati.
1205 3157 1254 3218 Ex
1273 3156 1419 3222 bellorum
1432 3171 1462 3222 15

294 3265 411 3328 casibus
425 3263 549 3328 Mauors
571 3282 680 3326 nomen
703 3262 819 3347 accepit
840 3263 925 3346 quasi
946 3284 1053 3344 magna
1075 3272 1186 3324 uertat.
1218 3261 1355 3324 Minerua
1379 3260 1420 3324 si-

295 3370 405 3434 militer
426 3369 560 3434 bellicum
586 3389 694 3432 nomen
717 3379 764 3434 est
779 3370 863 3452 quasi
884 3379 937 3434 aut
951 3369 1065 3432 minuat
1080 3377 1133 3431 aut
1148 3367 1288 3428 minetur.
1320 3365 1420 3430 Venu-

295 3487 357 3542 stas
388 3475 538 3540 bominum
560 3473 661 3543 Venus
687 3475 764 3540 dicta
794 3486 853 3538 est.
897 3473 1045 3558 Apollinis
1075 3490 1184 3534 nomen
1214 3493 1255 3535 ex
1285 3471 1422 3538 humanis

296 3581 467 3646 fincxcruut
488 3580 605 3646 casibus
628 3601 767 3646 sermone
790 3581 917 3658 Graeco,
947 3579 1031 3662 quasi
1054 3577 1154 3641 omnia
1175 3577 1334 3642 commissa
1363 3577 1422 3642 sibi

296 3698 348 3752 aut
363 3685 481 3749 amittat
496 3697 547 3749 aut
562 3687 678 3771 perdat.
702 3686 800 3750 Solem
817 3687 905 3750 etiam
922 3685 1040 3768 quidam
1056 3682 1222 3767 Apollinem
1237 3685 1340 3748 dicunt
1354 3685 1464 3766 quieto

296 3793 417 3856 cottidie
432 3791 463 3854 in
478 3813 585 3856 occasu
601 3793 781 3858 constitutus
797 3792 986 3878 splendorem
1007 3791 1128 3856 luminis
1150 3791 1273 3873 perdat:
1297 3791 1422 3874 perdere

296 3908 395 3962 autem
413 3897 519 3961 Graeci
534 3889 675 3962 ἀπολεῖν
689 3899 801 3962 dicunt.
833 3898 948 3962 Videtis
968 3897 974 3981 Ι
992 3907 1026 3963 ut
1041 3907 1159 3962 uestros
1177 3896 1377 3960 ementiticios
1393 3906 1423 3960 et
1431 3905 1545 3957 rotate

296 4004 381 4068 fictos
405 4003 477 4066 deos
503 4003 692 4068 turbulentus
716 4023 804 4070 error
826 4003 1066 4087 excogitauerit‚
1098 4015 1132 4066 ut
1160 4000 1423 4085 superstitionibus

297 4109 425 4173 anilibus
450 4119 480 4172 et
502 4110 615 4176 formae
637 4109 722 4174 uobis
744 4112 878 4190 de[orum
902 4109 1030 4174 traditae
1053 4110 1123 4189 sint]
1146 4119 1177 4171 et
1198 4106 1330 4171 nomina.
1363 4106 1422 4169 Sed

297 4215 489 4282 haecomnia
511 4217 625 4280 ueritas
648 4215 765 4280 detexit
786 4215 915 4279 stratio
937 4234 1030 4279 sanae
1052 4213 1162 4278 mentis
1185 4211 1304 4276 inuenit
1326 4222 1360 4275 ut
1376 4212 1422 4274 in·

297 4320 452 4404 uestigatis
466 4320 603 4388 omnibus
619 4331 708 4405 atque
724 4319 850 4385 detectis
860 4340 937 4402 quae
951 4319 1115 4402 sacrilegus
1123 4339 1211 4383 error
1225 4316 1423 4382 absconderat
1448 4333 1465 4382 a

364 4564 399 4618 22
413 4562 541 4628 principes
555 4561 634 4612 etiem
648 4563 750 4612 nomina
936 4560 966 4610 15
980 4574 996 4608 a
1009 4558 1091 4608 deest.
1270 4561 1304 4612 20
1322 4560 1426 4611 omittat

298 4649 332 4700 22
344 4643 584 4700 *ΑΠΟΛΛΕΙΝ
687 4649 701 4700 3
716 4646 789 4699 uobis
801 4673 836 4683 —
848 4659 922 4696 orum
934 4644 1047 4696 traditae
1061 4643 1115 4696 sint
1126 4651 1306 4696 euanumnt.
1390 4716 1392 4720 v
