3725 5850
802 661 848 732 37

249 846 387 931 perdidit
403 846 512 909 uitam:
532 866 585 929 per
599 846 748 929 uirginem
774 846 780 930 Ι
806 846 929 909 Mariam
946 865 982 907 ac
996 844 1131 928 spiritum
1147 854 1283 907 sanctum
1300 842 1509 907 chri-Foras«.

249 964 321 1017 stus
339 961 428 1015 natus
444 963 475 1015 et
489 953 730 1017 inmortalitatem
747 952 861 1035 accepit
877 962 908 1015 et
922 972 1061 1034 regnum.
1092 950 1192 1013 Arbor
1206 950 1280 1033 ligni
1295 951 1387 1033 pesti-

250 1060 359 1123 ferum
382 1058 512 1140 deceptis
534 1057 672 1143 pabulum
694 1058 847 1143 praebuit:
871 1057 985 1143 lignum
1007 1056 1104 1120 crucis
1125 1056 1216 1119 uitam
1237 1054 1389 1117 inmortali

247 1185 391 1248 conpage
411 1164 556 1227 restituit.
589 1165 790 1249 *Contempsit
809 1163 922 1241 Adam,
946 1163 1080 1228 obediuit
1096 1164 1152 1225 deo
1175 1162 1325 1238 Christus,
1344 1162 1388 1222 sic

251 1271 361 1333 diuina
376 1270 572 1353 dispositione
587 1270 723 1353 quicquit
743 1271 835 1333 Adam
850 1270 979 1354 perdidit
994 1269 1133 1333 Christus
1148 1268 1276 1331 inuenit.
1311 1266 1387 1330 Nam
1414 1286 1430 1332 5

251 1388 326 1459 post
342 1376 435 1439 multa
453 1384 585 1459 tempora
600 1377 773 1441 nouissimis
790 1387 956 1459 temporum
976 1376 1080 1459 spatiis
1102 1375 1131 1438 id
1155 1384 1203 1437 est
1222 1372 1389 1435 nouissima
1415 1367 1419 1372 ’

250 1488 339 1566 pene
350 1482 539 1545 saeculorum
556 1482 717 1545 ebdomade
739 1482 862 1546 uerbum
880 1482 927 1546 dei
944 1482 1072 1546 hnmano
1087 1500 1121 1545 sc
1137 1481 1257 1544 miscuit
1270 1478 1389 1562 corpori

250 1598 285 1649 ut
303 1587 455 1651 hominem
472 1587 625 1666 liberaret,
641 1598 674 1651 ut
690 1599 815 1652 mortem
833 1589 978 1664 uinceret,
1004 1596 1037 1649 nt
1051 1586 1245 1671 fragilitatem
1268 1585 1388 1649 hnmani

168 1714 174 1721 ·
250 1692 395 1776 corporis
410 1714 475 1756 cum
492 1694 593 1757 diuina
614 1694 827 1758 inmortalitate
850 1694 1053 1775 coniungeret.
1089 1691 1163 1771 Quid
1179 1694 1259 1756 enim
1275 1694 1388 1756 iaceret

250 1810 343 1862 tanta
368 1799 452 1861 turba
477 1800 668 1863 sanctorum?
689 1820 765 1882 quae
786 1800 846 1863 illis
868 1818 937 1881 spes
957 1798 1086 1862 salutis?
1117 1799 1194 1880 quo-d
1211 1800 1385 1861 meritorum
1398 1813 1429 1862 10

250 1906 438 1987 praemium,
463 1905 489 1967 si
509 1906 565 1968 sub
582 1926 642 1969 una
666 1907 828 1987 eademque
844 1905 1017 1967 condicione
1033 1904 1124 1967 sortis
1147 1903 1387 1966 ineluctabilibus

249 2009 449 2075 mortalitatis
478 2011 592 2093 laqueis
614 2011 705 2074 etiam
726 2011 791 2095 ipsa
813 2011 946 2094 obligata
969 2011 1144 2073 teneretur?
1175 2009 1259 2073 Nihil
1280 2009 1386 2083 Habel‚

251 2117 332 2179 nibil
348 2117 441 2194 Eoos,
460 2116 531 2180 nihil
546 2116 625 2193 Noe,
644 2116 719 2180 nibil
734 2116 815 2195 Sem,
840 2117 915 2181 nibil
930 2116 1092 2196 Abrabam,
1111 2116 1184 2179 nibil
1201 2116 1297 2192 isaac,
1314 2114 1387 2177 nibil

249 2222 350 2285 Jacob
372 2224 407 2286 de
429 2221 476 2283 dei
498 2222 555 2285 sibi
577 2222 786 2287 misericordia
808 2246 843 2288 aa
872 2224 1027 2287 maiestate
1048 2224 1275 2306 promitterent3
1307 2222 1389 2285 irent

250 2328 349 2391 etiam
366 2328 422 2411 ipsi
439 2338 505 2411 post
521 2337 636 2392 tantum
659 2330 727 2393 fidei
749 2330 887 2393 meritum
904 2352 970 2394 eum
995 2331 1105 2394 ceteris
1120 2330 1259 2393 omnibns
1274 2328 1429 2414 pariterti

250 2434 366 2497 addicti
383 2445 413 2496 et
428 2454 531 2497 omnes
548 2434 596 2497 dei
611 2446 732 2500 sanctos
740 2458 832 2501 unum
840 2426 947 2499 mortis
959 2435 1086 2498 exitium
1095 2436 1250 2517 exciperet
1264 2456 1320 2497 nec
1336 2435 1387 2497 ba·

249 2540 346 2603 beret
359 2551 431 2623 aput
446 2540 532 2602 deum
551 2542 712 2623 praemium
734 2542 829 2623 pietas
852 2542 879 2604 si
900 2561 959 2603 una
981 2540 1141 2622 eademque
1157 2558 1261 2601 omnes
1284 2539 1388 2600 condi·

250 2646 303 2708 cio
320 2644 428 2707 mortis
445 2646 592 2708 hauriret.
631 2645 688 2708 Sed
712 2646 784 2709 dees
806 2646 946 2709 Abrabae
967 2645 1077 2708 elarius
1098 2665 1116 2707 a
1138 2643 1214 2707 caeli
1238 2642 1387 2705 sideribus

249 2752 442 2834 promiserat
462 2770 599 2833 regnum.
640 2750 710 2813 ldea
733 2770 908 2832 exgenere
930 2749 1069 2812 Abrabae
1093 2749 1277 2812 descendens
1292 2749 1387 2811 Maria

250 2857 346 2942 uirgo
363 2855 410 2918 dei
426 2855 576 2939 concepit,
604 2866 635 2918 nt
657 2856 896 2940 supradictorum
912 2855 1064 2919 bominum
1085 2856 1204 2919 soboles
1219 2854 1388 2919 inmortalis
1397 2869 1431 2920 20
1491 2927 1494 2931 ,

250 2961 413 3026 societatis
430 2961 550 3025 uinculo
566 2962 752 3046 iungeretur,
763 2956 765 2960 ⁸
775 2974 809 3027 ut
824 2962 1042 3026 siobnmanum
1058 2983 1154 3046 genus
1169 2985 1223 3047 per
1237 2963 1387 3027 bominem

251 3067 374 3151 pariter
389 3077 420 3130 et
434 3067 522 3130 deum
538 3079 663 3152 aequata
678 3069 833 3134 societatis
856 3068 1069 3154 conparatione
1084 3069 1275 3134 coniunctum
1290 3071 1327 3133 ad
1341 3070 1388 3133 in·
1465 3064 1470 3075 ’

252 3172 448 3238 mortalitatis
464 3173 621 3258 imperium
637 3175 827 3239 obedientiae
842 3176 951 3240 merito
967 3176 1150 3260 perueniret.
1183 3177 1258 3257 Quia
1273 3178 1385 3260 itaque,

253 3278 456 3344 sacratissimi
478 3279 693 3366 imperatores,
724 3282 853 3347 curiosis
876 3281 999 3346 auribus
1022 3283 1238 3358 satisfecimus,
1270 3281 1386 3363 reliqua

252 3404 484 3468 persequamur,
513 3385 518 3472 1
549 3398 584 3451 ut
606 3390 654 3451 uel
677 3389 720 3451 sic
741 3388 920 3471 pollutarum
948 3387 1064 3448 aurium
1092 3386 1197 3447 sordes
1226 3385 1510 3468 pumfioansmroea

255 3489 356 3571 possit
370 3509 469 3564 sermo
483 3511 624 3575 purgare.
663 3491 806 3572 Sequitur
828 3490 923 3553 adbuc
945 3489 1025 3552 aliud
1049 3488 1215 3572 symbolum
1238 3489 1316 3572 quod
1332 3492 1499 3573 prob-tt]

254 3616 366 3678 magno
389 3596 566 3658 miserorum
588 3594 741 3657 bominum
765 3594 893 3658 credulis
916 3593 1040 3658 auribus
1071 3595 1217 3657 tradituro
1251 3589 1388 3682 ‘euripos‘

254 3692 437 3787 δράκοντος
457 3695 516 3762 καὶ
537 3693 660 3784 rodaco
684 3693 815 3784 δράκων
829 3693 960 3788 πατήρ.)
998 3700 1166 3782 Aliquando
1182 3701 1269 3766 nobis
1284 3703 1384 3786 signa,
1470 3730 1485 3761 ι

255 3807 389 3881 diabole,
407 3803 549 3868 maculati
565 3805 695 3870 nominis
711 3806 880 3889 prodidisti,
898 3807 1058 3888 aliquando
1073 3807 1183 3871 infame
1196 3829 1304 3872 nomen
1318 3831 1385 3893 pro·
1411 3819 1427 3866 5

254 3914 323 3997 pria
345 3930 421 3973 uoce
442 3912 597 3974 confessus
619 3931 670 3990 esp
694 3911 758 3975 scio
773 3913 824 3994 qui
840 3913 947 3991 fueris,
965 3915 1033 3996 quid
1051 3935 1142 3978 ausus
1157 3917 1219 3995 sis,
1236 3915 1301 3980 scio
1315 3915 1384 3996 quid

255 4019 365 4084 iecerit
379 4017 524 4080 scelerum
541 4028 661 4080 tuorum
676 4017 826 4081 malitiosa
842 4020 1008 4102 persuasio.
1040 4020 1104 4084 Hoc
1118 4033 1184 4084 erat
1198 4022 1273 4104 quod
1289 4021 1393 4095 Euae,

257 4146 327 4187 cum
343 4144 407 4187 eam
425 4123 579 4206 perderes,
597 4143 777 4207 magnopere
793 4109 981 4207 pollicebaris
993 4147 1060 4188 cum
1077 4127 1106 4191 ei
1120 4127 1258 4190 diceres:
1279 4119 1385 4190 ‘Eritis

157 4205 167 4229 ”
259 4229 343 4310 quasi
361 4221 426 4291 dii?
465 4228 551 4292 Tunc
567 4229 625 4292 iam
641 4230 766 4312 parabas
783 4228 835 4292 tibi
851 4250 885 4293 ac
899 4231 959 4294 tuis
980 4231 1087 4314 templa
1110 4242 1140 4294 et
1158 4230 1280 4293 delubra
1294 4230 1386 4294 facie-

257 4333 349 4398 baset
363 4335 505 4398 uenerati
514 4335 575 4397 oris
591 4335 735 4398 inluuiem
748 4336 872 4399 nefariis
884 4337 1065 4401 ceremoniis
1078 4335 1289 4400 consecrabas.
1314 4337 1427 4401 Ser-10
1521 4346 1524 4349 “

327 4520 491 4572 loboedtnit
562 4522 720 4590 licencipit
788 4523 1195 4590 lneuelzsortosseaaneuel
1242 4525 1385 4578 alfanum

258 4619 423 4671 quamquam
444 4606 530 4672 sacili
542 4611 754 4674 transpositione
766 4611 880 4660 restitui
892 4614 987 4676 potest
1005 4613 1140 4660 intactum
1165 4610 1276 4678 reliqui,
1299 4614 1386 4678 ipatus

257 4689 374 4741 Firmior*
384 4706 436 4742 ooo
450 4691 561 4742 libraris·
572 4693 681 4760 eulpam
694 4697 850 4744 asseratur.
