3725 5850
2019 676 2110 748 40

939 881 1103 945 pere.
1181 860 1330 925 Vide
1380 860 1520 943 quid
1563 860 1679 925 sibi
1723 859 2087 924 ludibriosus
2131 856 2324 922 hostis
2366 857 2690 921 inuenerit.
2768 855 3048 921 Abrahae
3090 858 3209 921 im-

940 966 1236 1031 molaturo
1278 964 1464 1029 filium
1506 966 1680 1030 iussu
1721 967 1813 1029 dei
1861 966 2024 1029 aries
2072 963 2427 1047 subponitur
2472 973 2534 1025 et
2573 963 2635 1025 in
2682 962 2919 1025 uicinae
2957 964 3206 1027 arboris

938 1071 1239 1135 radicibus
1284 1071 1584 1155 alligatur.
1662 1071 2058 1137 Liberaturus
2107 1070 2251 1133 deus
2297 1089 2563 1133 summus
2625 1089 2707 1132 ex
2762 1067 3203 1154 Aegyptiorum

855 1190 919 1240 10
940 1178 1257 1263 tyrannide
1287 1178 1516 1263 plebem
1549 1198 1718 1241 suam
1750 1177 2000 1241 arietem
2025 1185 2201 1239 nocte
2222 1175 2402 1239 iussit
2430 1172 2620 1237 occidi
2650 1185 2713 1237 et
2742 1174 3035 1257 sanguine
3065 1175 3203 1239 eius

939 1295 1140 1368 postes
1182 1284 1343 1347 liniri
1387 1284 1723 1367 praecepit:
1772 1284 1966 1367 ipsum
2011 1303 2047 1345 a
2092 1291 2259 1345 certo
2295 1301 2546 1344 numero
2592 1280 2894 1344 hominum
2935 1300 3045 1363 per
3089 1303 3205 1344 no-

937 1401 1183 1454 cturnas
1215 1390 1421 1473 epulas
1453 1389 1666 1453 confici
1696 1388 1859 1452 iubet
1889 1399 1951 1450 et
1979 1386 2275 1451 sacrificio
2317 1386 2429 1469 ipsi
2460 1386 2722 1450 Paschae
2765 1405 2982 1448 nomen
3023 1386 3200 1470 inpo-

937 1497 1048 1560 nit.
1125 1496 1244 1558 Sed
1289 1494 1402 1557 hoc
1446 1496 1520 1558 ad
1577 1495 1900 1578 imaginem
1953 1494 2293 1557 futurorum
2337 1493 2714 1575 prouidentia
2773 1493 3014 1557 diuinae
3070 1514 3200 1556 ma-

867 1607 880 1613 “
935 1602 1172 1666 iestatis
1201 1600 1457 1680 inuenit,
1490 1610 1557 1664 ut
1587 1621 1694 1684 per
1722 1600 1893 1684 signa
1928 1621 2136 1664 uerum
2170 1599 2397 1662 Pascha
2426 1597 2599 1661 nobis
2631 1602 3000 1664 ostenderet.
3053 1601 3198 1665 Ideo

854 1718 918 1768 15
936 1727 1069 1770 cum
1119 1707 1194 1770 de
1237 1706 1516 1790 passione
1567 1707 1793 1771 domini
1849 1708 2041 1771 nostri
2098 1705 2301 1770 diuino
2358 1704 2573 1788 spiritu
2623 1705 2865 1769 iubente
2909 1705 3200 1791 propheta

722 1824 886 1889 [Enni.
937 1822 1328 1897 praecaneret
1357 1812 1478 1876 aits
1519 1806 1704 1877 ‘sicut
1732 1812 1865 1877 ouis
1897 1813 1972 1875 ad
2005 1812 2309 1876 uictimam
2340 1811 2548 1873 ductus
2589 1823 2681 1875 est
2726 1823 2786 1875 et
2818 1812 2975 1876 sicut
3001 1834 3201 1897 agnus

687 1892 916 1960 ⁵3’⁷⁸‘¹‘]
939 1939 1140 1983 coram
1173 1920 1459 1983 tondente
1504 1939 1572 1983 se
1616 1919 1706 1983 sic
1750 1941 1872 1985 non
1914 1918 2151 2003 aperuit
2194 1938 2262 1981 os
2304 1938 2503 1981 suum.
2580 1917 2647 1979 In
2678 1917 3011 1982 humilitate
3040 1918 3200 1982 iudi-

938 2025 1094 2089 cium
1139 2026 1271 2090 eius
1316 2026 1611 2091 sublatum
1658 2036 1773 2091 est.
1846 2023 2244 2089 Natiuitatem
2286 2024 2416 2087 eius
2446 2025 2578 2106 quis
2609 2023 2958 2087 enarrabit?
3002 2046 3201 2111 quon-

937 2132 1058 2194 iam
1115 2132 1428 2195 auferetur
1481 2153 1516 2194 a
1578 2142 1744 2194 terra
1805 2130 1932 2194 uita
1976 2122 2153 2194 eius,³
2241 2129 2411 2193 Alius
2464 2129 2642 2192 etiam
2702 2131 2990 2213 propheta
3042 2131 3198 2195 haee

851 2244 918 2294 2⁰
941 2237 1147 2300 eadem
1178 2238 1357 2301 simili
1389 2237 1700 2322 respondit
1739 2236 2024 2299 oraculot
2062 2229 2331 2298 ‘domine
2378 2235 2647 2319 significa
2689 2235 2831 2300 mihi
2866 2248 2929 2300 et
2971 2258 3200 2320 cogno-

689 2316 919 2454 [ss‘ggfs
942 2364 1145 2419 scam3
1195 2354 1336 2408 tunc
1366 2343 1490 2407 uidi
1521 2341 1939 2405 meditationes
1971 2360 2199 2404 eorum.
2248 2342 2375 2424 Ego
2396 2343 2553 2405 sicut
2582 2364 2771 2426 agnus
2802 2342 2934 2408 sine
2964 2343 3199 2407 malitia

938 2449 1255 2533 perductus
1287 2470 1416 2513 sum
1449 2450 1524 2512 ad
1553 2448 1893 2527 uictimam3
1940 2447 2004 2510 in
2036 2465 2129 2510 me
2160 2446 2579 2530 cogitauerunt
2620 2449 2953 2533 cogitatum
2992 2449 3199 2513 dicen-

938 2565 1069 2619 tes:
1121 2556 1345 2633 uenite,
1402 2556 1701 2619 mittamus
1746 2552 1975 2636 lignum
2018 2552 2081 2616 in
2112 2572 2323 2637 panem
2368 2554 2495 2617 eius
2528 2565 2590 2617 et
2618 2556 2932 2618 eradamus
2964 2577 3001 2619 a
3026 2564 3199 2619 terra

935 2662 1118 2725 uitam
1165 2654 1344 2726 eius.³
1432 2661 1670 2744 Agnum
1730 2670 1933 2725 autem
1977 2657 2265 2743 appellari
2320 2659 2622 2724 dominum
2666 2671 2935 2725 nostrum
2984 2672 3198 2724 sancta

688 2776 920 2830 Fomssb.
941 2768 1112 2831 nobis
1143 2766 1514 2832 reuelatione
1546 2776 1937 2830 monstratur.
2002 2766 2071 2827 ln
2094 2764 2434 2850 apocalypsi
2486 2768 2497 2846 Ι
2548 2766 2708 2828 enim
2736 2765 2823 2830 ita
2852 2765 3197 2830 inuenimus

731 2877 804 2945 [c.
835 2880 886 2943 5,
941 2892 1076 2937 esse
1106 2872 1533 2956 perscriptumz
1577 2867 1668 2936 ‘et
1698 2871 1820 2936 uidi
1860 2871 1925 2934 in
1968 2871 2163 2935 medio
2196 2870 2396 2934 throni
2440 2880 2500 2934 et
2539 2880 2820 2953 quattuor
2849 2871 3196 2938 animalium

739 2975 805 2985 ““’
843 2948 894 2999 ⁰'
942 2988 1004 3041 et
1029 2979 1093 3042 in
1125 2977 1319 3041 medio
1350 2977 1656 3040 seniorum
1689 2997 1905 3061 agnum
1938 2987 2193 3040 stantem
2225 2976 2395 3059 quasi
2423 2977 2688 3040 occisum
2721 2978 3035 3041 habentem
3060 3000 3195 3042 cor-

942 3105 1062 3147 nua
1092 3094 1318 3167 septem
1351 3093 1413 3146 et
1444 3083 1646 3146 oculos
1677 3093 1906 3166 septem
1938 3083 2036 3165 qui
2069 3094 2209 3147 sunt
2231 3093 2459 3166 septem
2491 3084 2734 3167 spiritus
2765 3085 2860 3148 dei
2891 3085 3059 3149 missi
3088 3106 3197 3169 per

857 3199 888 3248 5
940 3188 1144 3252 orbem
1179 3201 1412 3268 terrae3
1463 3200 1526 3251 et
1564 3188 1735 3252 uenit
1777 3199 1838 3251 et
1883 3189 2114 3271 accepit
2154 3188 2368 3253 librum
2412 3190 2483 3253 de
2526 3189 2776 3254 dextera
2822 3191 3087 3255 sedentis
3130 3192 3193 3255 in

936 3296 1155 3360 throno
1187 3307 1249 3360 et
1277 3315 1411 3357 cum
1441 3293 1769 3377 accepisset
1797 3292 2040 3371 librum,
2076 3305 2355 3377 quattuor
2383 3295 2666 3358 animalia
2697 3307 2756 3358 et
2788 3298 2993 3380 uiginti
3027 3310 3194 3381 quat-

937 3412 1076 3466 tuor
1105 3402 1376 3466 seniores
1408 3410 1864 3484 prostrauerunt
1893 3421 1962 3465 se
1993 3393 2135 3463 ante
2158 3421 2374 3484 agnum
2404 3400 2693 3466 habentes
2725 3402 2945 3488 singuli
2977 3424 3191 3468 aureas

936 3508 1201 3573 citharas
1245 3509 1452 3592 plenas
1509 3506 1917 3571 odoramentis
1960 3506 2458 3591 supplicationum
2502 3529 2654 3591 quae
2704 3519 2848 3572 sunt
2888 3511 3192 3575 orationes

941 3625 1281 3677 sanctorum
1338 3625 1399 3677 et
1449 3623 1845 3677 cantauerunt
1895 3634 2116 3676 nouum
2162 3611 2457 3676 canticum
2500 3613 2797 3678 dieentesz
2868 3615 3093 3699 dignus,
3125 3636 3191 3679 es

863 3718 1212 3801 maceipere
1243 3719 1456 3785 librum
1487 3729 1549 3782 et
1577 3718 1812 3802 aperire
1844 3719 2018 3803 signa
2051 3720 2203 3798 eius»,
2253 3718 2529 3808 quoniam
2563 3719 2798 3783 occisus
2831 3739 2897 3784 es
2930 3731 2992 3783 et
3020 3722 3193 3785 rede-

940 3823 1104 3886 misti
1145 3844 1257 3886 nos
1303 3824 1414 3885 deo
1461 3824 1753 3906 sanguine
1797 3816 1901 3886 tuo
1949 3845 2028 3888 ex
2070 3824 2229 3914 omni
2272 3824 2432 3888 tribu
2470 3834 2533 3888 et
2561 3824 2763 3908 lingua
2794 3836 2856 3889 et
2886 3827 3099 3910 populo
3131 3839 3194 3889 et

939 3929 1184 3992 natione
1215 3939 1276 3992 et
1305 3949 1416 3990 nos
1447 3948 1698 4011 regnum
1741 3931 1851 3992 deo
1898 3941 2105 3994 nostro
2150 3930 2612 4012 sacerdotesque
2651 3931 2850 3996 fecisti
2882 3943 2943 3994 et
2971 3952 3192 4018 regna-

937 4035 1135 4100 bimus
1185 4054 1366 4119 super
1411 4027 1682 4098 terram.³
1756 4034 2062 4100 Johannes
2121 4056 2353 4118 quoque
2398 4035 2581 4099 filium
2627 4036 2718 4100 dei
2766 4037 2907 4121 agni
2948 4039 3191 4101 nomine

666 3295 705 3312 s

1070 4267 1102 4318 8
1129 4265 1237 4316 mio
1334 4266 1535 4333 14suit
1558 4265 1729 4328 signu,
1757 4265 1854 4315 sed
1878 4267 2130 4315 correxit
2150 4279 2223 4314 m.
2250 4279 2341 4330 pr.
2451 4263 2513 4316 17
2540 4265 2791 4315 tondente
2901 4266 2965 4318 18
2989 4263 3191 4317 *enar-

933 4352 1074 4402 ranit
1140 4352 1208 4402 23
1234 4367 1366 4417 pane
1437 4353 1470 4404 8
1497 4351 1775 4421 cytharas:
1804 4355 1941 4416 post
1963 4350 2016 4399 Ιι.
2042 4364 2097 4398 u.
2132 4349 2403 4400 excidisse
2428 4349 2653 4400 uidetur
2676 4357 2729 4400 et
2755 4357 2964 4416 pateras
2997 4376 3068 4387 —
3092 4366 3191 4416 que

934 4463 999 4472 —
1025 4435 1190 4492 *sunt
1214 4452 1321 4487 om.
1552 4437 1606 4488 11
1637 4443 1726 4486 tuo
1753 4442 1806 4485 et
1831 4436 1970 4485 omui
2051 4427 2058 4432 ’
2216 4434 2279 4489 12
2306 4450 2417 4498 eos,
2444 4435 2593 4501 quod
2615 4450 2946 4501 quamquam
2972 4450 3191 4503 raspon-

933 4520 1023 4572 det
1047 4520 1268 4571 lectioni
1290 4520 1488 4572 codicis
1499 4521 1875 4573 Alexandrini
1894 4512 2114 4580 ἀυτούς,
2132 4526 2316 4571 tamen
2340 4535 2411 4569 ea:
2433 4536 2493 4571 eo
2520 4520 2669 4585 quod
2690 4525 2940 4585 sequitur
2952 4521 3193 4584 regnabi-

933 4621 1046 4656 mus
1084 4604 1381 4655 Fir-micum
1416 4601 1564 4673 ἡμᾶς
1600 4607 1747 4672 quod
1783 4610 1948 4656 etiam
1986 4605 2293 4672 Cyprianus
2333 4610 2390 4655 et
2429 4605 2729 4656 primasius
2769 4606 2973 4656 habant
2996 4606 3191 4672 legisse

933 4691 1288 4757 manifestum
1315 4695 1415 4739 est.
2162 4719 2165 4724 -
