3725 5850
814 681 853 753 ll

268 866 414 951 appellat,
434 875 512 929 utet
525 866 589 950 ipse
604 864 794 950 propheticae
816 863 1022 949 pollicitationi
1042 864 1240 947 respondean
1263 863 1307 928 ait
1319 865 1399 928 cuim

173 986 183 1001 ·
267 974 302 1037 in
319 971 499 1055 euangelio:
529 964 639 1035 ‘altero
661 971 710 1034 dic
729 970 813 1035 uidet
833 970 985 1034 lohannes
1002 969 1105 1033 lesum
1128 970 1297 1033 uenientem
1312 971 1348 1033 ad
1365 979 1522 1051 se15[o.t,

267 1090 302 1141 et
316 1078 380 1141 ait:
405 1096 475 1141 ecce
490 1097 585 1160 agnus
600 1077 660 1156 dei,
678 1096 748 1142 cece
763 1078 812 1161 qui
827 1078 924 1141 aufert
939 1085 1061 1159 peccata
1075 1067 1198 1139 muudi?
1228 1074 1287 1137 Pro
1303 1076 1400 1140 saluta
1437 1052 1494 1119 ²⁹·]

268 1184 425 1247 hominum
447 1182 517 1266 agni
537 1182 625 1245 istius
654 1183 845 1248 uenerandus
868 1182 991 1265 sanguis
1012 1178 1191 1258 effunditur,
1219 1191 1255 1244 ut
1279 1193 1400 1245 sanctos

268 1310 344 1353 suos
360 1288 439 1352 lilius
462 1288 509 1351 dci
532 1289 705 1373 profusione
720 1289 844 1373 pretiosi
858 1287 1012 1371 sauguinis
1023 1287 1164 1363 redimat,
1180 1285 1277 1367 utqui
1289 1284 1401 1351 Christi

267 1396 419 1477 sanguiue
440 1395 624 1469 liberantur,
648 1396 802 1459 maiestate
823 1395 905 1479 prius
928 1393 1097 1457 inmortalis
1119 1392 1275 1476 sanguinis
1295 1413 1402 1456 cousc-

268 1510 410 1563 crentur.
440 1499 598 1563 Nemiucm
610 1511 680 1583 aput
703 1500 782 1564 idola
804 1503 944 1585 profusus
964 1499 1086 1583 sanguis
1101 1498 1296 1562 munitatae
1311 1515 1442 1567 cruortu

267 1607 418 1689 pecudum
435 1606 562 1669 miseros
585 1604 721 1670 homiues
744 1617 797 1669 aut
817 1608 946 1691 decipiat
959 1617 1012 1669 aut
1025 1606 1141 1689 perdat,
1158 1604 1264 1688 polluit
1278 1605 1401 1688 sanguis

267 1710 343 1789 iste,
361 1732 421 1775 nou
436 1710 569 1786 redimit,
594 1721 624 1773 et
639 1729 693 1794 per
713 1711 815 1775 uarios
831 1732 918 1777 casus
934 1711 1069 1796 homiues
1084 1711 1192 1795 premit
1204 1710 1237 1773 in
1251 1722 1398 1773 mortemc

267 1816 376 1880 miseri
390 1826 462 1879 suut
476 1817 525 1898 qui
540 1816 714 1899 prolusione
729 1816 868 1899 sacrilegi
880 1816 1035 1901 sanguinis
1054 1820 1060 1897 Ι
1078 1824 1287 1879 cruentantur.
1319 1816 1523 1879 rau-roten.

267 1921 410 1985 ribolium
435 1921 504 2004 quid
533 1923 581 1991 uel
604 1920 781 1987 criobolium
804 1923 953 1986 scelerata
974 1932 1004 1985 tc
1026 1920 1182 2003 sanguinis
1196 1919 1264 1983 lale
1278 1921 1401 2003 perluu-

269 2028 336 2091 ditl
373 2028 528 2090 Leuantur
558 2027 658 2109 itaque
682 2029 786 2092 sordes
808 2028 885 2092 istae
906 2048 979 2112 quas
1001 2026 1137 2111 colligis:
1168 2045 1279 2109 quaere
1300 2026 1512 2101 loutes[c.28.]

268 2133 434 2219 ingenuos,
457 2152 568 2216 quaere
590 2154 680 2217 puros
703 2134 848 2216 liquores,
873 2144 907 2197 ut
924 2134 988 2197 illic
1009 2143 1040 2197 tc
1060 2142 1128 2218 post
1142 2132 1250 2196 mulus
1266 2131 1399 2195 maculas

269 2260 337 2303 cum
354 2238 461 2321 spiritu
476 2248 581 2302 sancto
597 2238 708 2303 Christi
732 2240 855 2325 sanguis
876 2238 1057 2304 incandidet.
1095 2238 1136 2302 Vt
1149 2248 1249 2303 autem
1272 2238 1400 2301 miseros

161 2386 162 2393 ι
269 2343 409 2409 homines
430 2345 466 2408 ad
482 2365 584 2408 sanam
601 2356 729 2409 mentem
745 2358 869 2411 reuocet
883 2347 970 2429 plena
983 2344 1151 2430 persuasio,
1170 2345 1283 2408 maiore
1298 2355 1399 2407 aucto·
1425 2360 1442 2410 5

269 2451 363 2514 ritate
379 2469 452 2533 opus
468 2460 525 2527 est,
549 2461 582 2513 ut
603 2451 716 2515 curatis
736 2472 772 2515 ac
787 2452 902 2516 sanatis
925 2451 1071 2515 mentitus
1086 2451 1198 2514 nullum
1219 2452 1400 2533 praeceden-

269 2556 312 2619 tis
335 2556 521 2638 pestilentiae
543 2556 703 2640 uestigium
726 2557 926 2640 relinquatur.
961 2557 1036 2636 Quid
1057 2557 1158 2637 itaque
1179 2554 1241 2616 sint
1256 2553 1335 2615 idola
1351 2554 1400 2616 uel

270 2682 360 2744 quam
381 2660 510 2724 habeant
530 2659 739 2738 substantiam,
765 2659 974 2746 prophetarum
991 2665 1056 2740 [ore
1071 2679 1107 2722 ac
1122 2657 1186 2739 dei]
1203 2656 1306 2721 diuina
1321 2678 1398 2721 noce

270 2776 468 2831 monstratum
491 2776 550 2845 est,
574 2784 651 2848 quae
673 2766 772 2829 omnia
793 2765 965 2849 specialiter
978 2765 1103 2828 dicenda
1117 2775 1199 2840 suut,
1221 2774 1254 2827 ut
1268 2762 1324 2826 lroc
1338 2783 1400 2826 non

269 2883 376 2939 nostra
397 2872 566 2937 temeritate
584 2871 750 2956 prolatum,
775 2873 827 2937 sed
844 2872 944 2936 diuino
967 2870 1139 2954 magisterio
1155 2870 1241 2936 nobis
1258 2869 1397 2935 traditum
1410 2884 1442 2936 10

272 2989 304 3042 et
326 2979 450 3043 caelesti
471 2989 654 3062 agnoscatur
677 2999 751 3043 uoce
774 2978 934 3062 signatum.
972 2978 1055 3059 Quae
1077 2980 1117 3042 sit
1138 2978 1304 3043 substantia
1318 2978 1397 3056 eius,

271 3082 438 3167 sapientiae
454 3085 626 3174 ueneranda
637 3106 714 3150 uoce
729 3094 931 3164 monstraturq
957 3085 1000 3150 ait
1015 3087 1093 3149 enim
1116 3087 1148 3150 in
1163 3084 1248 3149 utris
1262 3085 1399 3148 Salomo-

272 3189 341 3253 nis:
367 3183 482 3255 ‘omnia
502 3191 583 3258 idola
603 3191 758 3258 nationum
784 3192 1022 3256 aestimauerunt
1045 3194 1133 3267 deos,
1166 3191 1272 3275 quibus
1301 3208 1398 3271 ueque
1418 3187 1509 3254 [⁰³5.

163 3331 166 3346 ·
273 3296 426 3360 oculorum
442 3318 515 3362 usus
531 3308 577 3362 est
592 3299 629 3362 ad
644 3298 816 3377 uidendum,
833 3318 930 3381 neque
945 3317 1036 3362 nares
1050 3299 1087 3361 ad
1103 3296 1323 3380 percipiendum
1338 3294 1398 3376 spi·
1440 3286 1465 3296 “
1504 3296 1511 3310 ’

271 3401 372 3478 ritum,
397 3421 492 3486 neque
515 3424 603 3468 aures
624 3404 660 3466 ad
683 3403 873 3481 audiendum,
896 3421 993 3484 neque
1014 3402 1097 3483 digiti
1114 3421 1252 3462 munuum
1267 3399 1304 3460 ad
1320 3408 1441 3460 trac-15

273 3506 412 3589 tandumq
442 3510 494 3573 sed
518 3519 548 3572 ct
569 3507 658 3590 pedes
681 3527 785 3571 eorum
809 3507 886 3590 pigri
912 3507 950 3568 ad
964 3504 1191 3582 ambulandum
1215 3502 1304 3566 homo
1319 3502 1399 3564 enim

274 3612 344 3676 lecit
362 3614 431 3678 illos
454 3625 484 3676 et
499 3612 549 3693 qui
564 3611 700 3693 spiritum
717 3621 868 3675 mutuatus
890 3621 939 3674 cst
959 3611 1066 3674 fincxit
1086 3608 1174 3673 illos:
1198 3628 1287 3672 nemo
1301 3618 1400 3673 autem

274 3717 330 3781 sibi
356 3718 444 3782 homo
465 3716 575 3800 poterit
597 3715 745 3777 dominum
768 3715 894 3800 fingere,
921 3739 988 3780 cum
1008 3717 1048 3781 sit
1069 3715 1306 3788 enimmortalis
1320 3736 1400 3780 mor·

274 3833 356 3886 tuum
371 3822 456 3906 fingit
470 3821 607 3884 manibus
622 3819 753 3903 iniquis3
777 3821 884 3886 melior
899 3834 946 3886 est
960 3833 1058 3886 autem
1075 3822 1121 3887 his
1136 3845 1210 3906 quos
1226 3824 1308 3900 colit,
1326 3845 1401 3907 quo·

275 3930 352 3992 niam
369 3927 486 4009 quidem
502 3929 567 4011 ipsc
582 3927 673 4005 uixit,
690 3927 735 3992 itti
750 3948 904 4010 numquam
911 3921 930 3992 .'
966 3928 1042 4008 Quid
1056 3930 1183 4013 amplius
1207 3930 1441 4013 quaerimusduo

275 4033 424 4117 Sapientia
440 4053 495 4097 nos
512 4031 615 4097 diuina
629 4053 704 4097 uoce
720 4033 861 4098 conuenit
881 4046 911 4098 ct
925 4035 1057 4118 quicquit
1070 4036 1103 4099 in
1118 4036 1237 4100 arcanis
1253 4037 1300 4100 dei
1316 4035 1397 4098 uide·

275 4150 320 4202 rat
335 4139 435 4204 docuit
449 4149 481 4202 et
494 4140 571 4222 quod
587 4149 654 4202 crat
668 4139 789 4203 salabre
806 4141 996 4219 monstrauit,
1018 4148 1024 4218 Ι
1048 4161 1086 4204 uc
1100 4141 1215 4225 fragilis
1236 4151 1268 4203 et
1288 4139 1397 4204 caduca
1407 4145 1522 4202 dotati.

276 4244 438 4310 mortalitas
461 4245 493 4308 in
518 4245 644 4309 exitium
660 4266 746 4309 suum
762 4255 948 4329 mortemque
969 4257 1155 4332 properaret.
1195 4245 1258 4307 lloc
1272 4243 1350 4308 idem
1365 4245 1397 4308 iu

340 4443 369 4494 2!
388 4443 508 4507 pecodum
590 4443 720 4494 ‘ldmortc
804 4442 969 4494 3Labentur
1042 4444 1233 4495 dorescdeic
1253 4445 1398 4511 italegcn-

167 4547 175 4560 ·
277 4527 498 4579 daercc'dedoutur
521 4528 632 4578 litterae
647 4528 713 4593 sere
735 4542 851 4594 prorsus
875 4533 1032 4580 extinctae:
1063 4528 1094 4579 id
1117 4529 1190 4594 quod
1207 4533 1333 4581 restituit
1356 4530 1398 4581 ed.

274 4627 334 4677 pm:
354 4613 468 4664 oraculis
483 4629 513 4664 ac
531 4617 559 4665 c'n
578 4613 668 4664 codice
685 4616 819 4680 scriptum
832 4627 886 4665 non
900 4615 994 4681 saissa
1006 4620 1131 4681 apparet.
1239 4616 1269 4668 ld
1289 4617 1401 4668 extima·

276 4704 364 4749 uersat
