3725 5850
978 628 1024 695 ld

438 813 600 874 Puerorum
617 805 726 889 aliquis
742 806 907 869 delectatur
922 806 1129 890 amplexibus:
1155 807 1357 892 Ganymedem
1378 809 1410 870 in
1433 809 1501 873 sinn
1518 810 1574 872 lo-

438 916 485 981 uis
501 924 635 997 quaerat,
653 913 809 976 Herculem
827 914 925 977 uideat
941 914 1046 999 liylam
1062 913 1217 998 inpatienti
1239 934 1341 977 amore
1356 926 1567 996 quaerentem,

398 1021 599 1107 15llyacintbi
620 1017 768 1083 desiderio
790 1030 906 1103 captum
928 1018 1095 1103 Apollinem
1119 1021 1226 1097 discat,
1253 1020 1449 1105 Chrysippum
1473 1021 1565 1097 alins,

439 1130 515 1193 alius
531 1128 669 1211 Pelopem
693 1126 805 1203 uideat,
825 1137 858 1189 ut
878 1144 932 1207 per
953 1127 1024 1189 deos
1048 1147 1119 1188 snos
1139 1126 1196 1189 sibi
1220 1126 1312 1189 licere
1334 1126 1414 1189 dicat
1434 1127 1568 1209 quicquit

440 1236 526 1299 hodie
549 1233 740 1297 seuerissime
762 1232 903 1294 Romanis
926 1232 1042 1314 legibus
1065 1232 1245 1295 uindicatur.
1283 1232 1438 1295 Adulteria
1460 1252 1565 1295 eorum

440 1343 538 1405 omnia
555 1358 731 1403 enumerare
747 1336 864 1399 difficile
880 1348 945 1400 est:
969 1338 1035 1419 quis
1049 1337 1250 1421 Amymonen,
1268 1338 1333 1420 quis
1348 1337 1477 1421 Alopen,
1498 1339 1566 1419 qnis

439 1446 645 1529 Menalippen,
670 1443 735 1526 quis
757 1442 891 1505 Chionen
913 1443 1133 1529 lppotboenqne
1155 1444 1341 1527 corruperit:
1365 1464 1471 1527 nempe
1492 1444 1566 1507 deus

399 1564 544 1621 dunestor
560 1550 632 1613 haec
648 1548 755 1611 iecisse
771 1560 965 1612 memorator.
997 1550 1050 1613 llle
1065 1570 1152 1632 quem
1168 1550 1274 1613 uolunt
1295 1550 1412 1613 seueris
1436 1550 1568 1612 oraculis

441 1658 605 1722 errantium
627 1655 778 1719 hominnm
801 1666 920 1738 peccata
943 1656 1095 1739 corrigere
1117 1656 1261 1738 Steropen
1284 1668 1381 1734 amat,
1403 1656 1568 1719 Aethusam

441 1765 530 1849 rapit,
556 1762 731 1844 Zeuxippen
751 1772 878 1845 stuprat,
903 1764 1020 1844 quaerit
1040 1764 1191 1825 Prothoen
1209 1775 1238 1825 et
1259 1763 1410 1826 Arsinoae
1431 1763 1570 1825 adultera

443 1871 602 1955 cupiditate
617 1868 778 1932 blanditur.
803 1868 859 1931 Sed
878 1870 992 1933 existo
1009 1879 1215 1952 corruptarum
1231 1870 1389 1932 mulierum
1401 1888 1494 1952 grege
1509 1888 1568 1931 una

444 1978 541 2063 puella
563 1986 725 2040 amatorem
748 1976 834 2037 denm
858 1984 888 2037 et
910 1975 1018 2038 uitauit
1040 1985 1070 2039 et
1092 1975 1183 2037 uicit:
1208 1975 1324 2038 Dafnen
1339 1974 1479 2038 diuinans
1494 1975 1570 2038 dens

318 2094 475 2153 retituet
492 2088 591 2147 l'utnra
614 2080 790 2164 praedicens
807 2098 861 2143 nec
883 2081 1020 2144 inuenire
1044 2082 1139 2163 potuit
1159 2100 1214 2143 nec
1229 2091 1378 2163 stuprare.
1410 2078 1572 2144 Muliebris

444 2190 555 2274 patitur
576 2186 683 2268 aliquis
707 2196 737 2247 et
759 2184 930 2248 effeminato
952 2187 1071 2270 corpori
1093 2186 1235 2250 solacium
1253 2187 1385 2268 quaerit:
1403 2187 1505 2249 uideat
1518 2186 1571 2247 Li-

444 2399 608 2463 imitutione
630 2394 769 2479 flagitiosi
793 2395 892 2459 coitus
913 2408 1134 2480 repensantem.
1167 2398 1199 2459 Si
1214 2400 1262 2481 qni
1279 2410 1472 2461 monstruoso
1487 2397 1570 2481 cupi-

404 2522 419 2571 5
445 2507 546 2570 ditatis
561 2504 669 2567 ardore
685 2502 716 2565 in
732 2512 874 2584 paternae
889 2505 972 2567 necis
988 2515 1121 2567 armatur
1135 2505 1260 2567 exitium
1276 2527 1294 2568 a
1310 2506 1381 2567 lonc
1402 2513 1500 2567 sumat
1515 2522 1570 2565 ex-

445 2613 580 2691 ordium3
603 2610 652 2692 qui
670 2610 831 2671 fraternum
848 2608 999 2672 desiderat
1013 2612 1187 2693 sanguinem
1205 2611 1408 2695 Corybantum
1428 2619 1571 2691 sequatur

444 2720 625 2794 institutum,
649 2726 680 2779 et
693 2716 838 2779 incestum
856 2714 1092 2781 desiderantibus
1108 2718 1213 2781 alone
1233 2727 1390 2782 sumantur
1412 2714 1567 2798 exemplat

445 2846 510 2889 cum
527 2834 621 2886 matre
637 2821 807 2896 concubuit,
833 2840 970 2883 sororem
986 2822 1074 2884 duxit
1087 2843 1213 2886 uxorem
1234 2834 1276 2901 et,
1300 2834 1335 2886 nt
1354 2823 1505 2903 integrum
1526 2822 1569 2883 fo·

446 2933 531 2995 cinns
551 2929 689 3012 impleret
708 2928 827 3004 incesti,
852 2927 941 2988 liliam
957 2949 1074 3010 quoque
1095 2932 1194 2993 animo
1209 2930 1394 3014 corruptoris
1410 2929 1570 3011 adgressus

366 3050 504 3130 Ἣιοιιει.
538 3035 698 3098 lnleriores
715 3032 806 3115 aliqui
823 3033 940 3095 aemulo
955 3033 1084 3098 stridore
1100 3038 1290 3119 persequitur
1312 3048 1343 3099 et
1364 3035 1570 3098 aduersarium

402 3129 415 3149 ⁸
447 3145 525 3227 cupit
550 3139 662 3205 crudeli
686 3140 802 3202 feritate
824 3150 983 3220 torquere:
1014 3141 1052 3203 ab
1072 3140 1208 3225 Apolline
1223 3129 1271 3205 'ex
1290 3143 1430 3225 Marsyae
1453 3139 1570 3204 casibus

447 3249 610 3314 crudelium
635 3255 851 3308 tormentorum
872 3245 989 3310 lacinus
1012 3248 1118 3311 discat.
1150 3248 1287 3311 Alienum
1309 3248 1402 3331 aliqui
1422 3247 1573 3310 desiderat

448 3367 475 3420 et
491 3357 621 3419 boccum
635 3363 731 3416 morte
744 3349 853 3414 domini
866 3363 994 3414 conatur
1006 3354 1147 3438 implere:
1161 3354 1262 3416 uideat
1274 3364 1306 3416 nt
1316 3354 1459 3417 llercules
1472 3352 1572 3415 occiso

449 3463 589 3546 Geryone
602 3461 727 3524 Hiberas
742 3459 877 3539 abegerit
891 3458 997 3522 bones.
1022 3459 1053 3522 Si
1069 3461 1119 3542 qui
1134 3461 1301 3544 promiscua
1318 3461 1469 3523 bominum
1482 3459 1573 3522 caede

408 3569 568 3650 tegaudet,
592 3577 802 3650 praeposteras
819 3564 926 3627 Martis
949 3565 1128 3648 cupiditates
1149 3566 1310 3649 diligenter
1329 3566 1480 3650 inspiciat.
1520 3563 1573 3625 Se-

449 3675 528 3735 mina
545 3691 620 3754 pene
636 3672 766 3733 omnium
782 3669 930 3732 scelerum
946 3691 963 3732 a
980 3671 1036 3734 diis
1059 3672 1122 3735 suis
1144 3673 1328 3756 peccantium
1353 3673 1438 3735 turba
1460 3670 1575 3752 colligit

449 3789 490 3855 ct,
515 3786 546 3840 ut
570 3777 699 3859 perditus
722 3775 838 3838 animus
859 3776 978 3858 impune
1000 3777 1116 3841 lacinus
1133 3780 1226 3861 possit
1245 3779 1414 3856 admittere,
1432 3797 1473 3838 ex
1486 3797 1573 3860 prae·

432 3883 622 3968 ,cedentibus
646 3883 807 3945 facinorum
832 3882 978 3965 exemplis
1001 3883 1115 3947 maiore
1130 3905 1164 3948 se
1179 3887 1354 3948 auctoritate
1370 3884 1511 3946 defendit.
1543 3881 1573 3943 Si

449 3989 545 4074 stupri
562 3986 692 4071 praemia
709 3998 865 4070 corruptor
880 3989 1014 4070 inquirit,
1039 3989 1065 4051 si
1089 3991 1167 4053 niam
1184 4002 1265 4074 optat
1285 3989 1503 4054 sollicitationis
1524 3989 1574 4050 ad·

407 4097 577 4173 addiscere,
595 4095 626 4158 in
642 4094 709 4158 sinn
725 4104 882 4176 corruptae
898 4095 1034 4159 mulieris
1051 4117 1157 4158 aurum
1173 4097 1251 4160 louis
1262 4098 1372 4161 uideat.
1397 4097 1428 4158 Si
1440 4094 1574 4178 publicus

520 4323 551 4372 ll
565 4321 743 4386 inpatientiam
756 4317 827 4370 mord
944 4321 975 4372 ts
989 4322 1129 4372 Arnnmond
1140 4349 1174 4359 -
1186 4320 1266 4387 Alope
1383 4323 1414 4374 19
1427 4320 1573 4387 Menalippe

449 4431 484 4443 -—
497 4404 595 4457 Chionci
687 4408 717 4460 21
732 4405 889 4473 Aetbyssnm
982 4409 1016 4460 22
1029 4406 1162 4474 Zeuxippd
1174 4435 1208 4444 -
1221 4407 1333 4458 Prothoe
1419 4411 1454 4461 24
1467 4407 1576 4458 Dafnem

454 4491 600 4555 lstrupore
644 4485 843 4543 'tmosuuoso
914 4493 1049 4558 bsequitnr
1123 4491 1579 4559 12*torm.casibns=qoodposur'
1692 4519 1697 4529 ·

451 4573 532 4624 ualde
545 4578 677 4626 incertum
691 4593 746 4627 erec
758 4583 862 4642 sentim
876 4581 978 4630 rectius
983 4577 1110 4642 sortasse
1117 4580 1252 4629 scribetur
1264 4580 1394 4629 cruciatus
1461 4579 1491 4630 13
1505 4579 1577 4628 uidet

452 4659 617 4710 -llerculic
723 4663 881 4728 liabigerlt
988 4661 1135 4725 lbcollegit
1239 4664 1371 4730 llposset
1383 4664 1531 4715 admitteret
