3725 5850
822 622 861 691 3l

249 824 342 887 quaa
362 804 483 867 habere
498 824 531 868 sc
545 805 657 867 iactat?
679 803 737 866 alia
753 813 823 865 sont
837 822 950 866 cornua
964 822 1040 884 qnae
1054 805 1197 886 propbeta
1218 814 1322 869 sancto
1344 806 1404 889 spi·

250 910 321 973 ritu
348 910 483 973 iubente
504 918 718 972 commemorat
733 928 809 989 qnae
830 918 874 983 tu,
899 908 1027 984 diabole,
1051 909 1088 971 ad
1103 910 1278 973 maculatam
1296 913 1402 976 faciem

252 1026 350 1079 tuam
378 1026 473 1099 putas
497 1026 526 1078 te
551 1035 638 1097 posse
659 1015 836 1077 transferre.
867 1013 953 1076 Vnde
975 1013 1028 1076 tibi
1050 1026 1225 1077 ornamenta
1239 1019 1359 1098 quaeris
1374 1029 1447 1082 ctas

253 1122 431 1201 gloriam?
453 1142 567 1185 cornua
583 1120 656 1183 nibil
670 1120 749 1183 aliod
767 1120 824 1183 nisi
840 1121 1043 1184 uenerandum
1062 1122 1180 1203 signum
1202 1124 1300 1185 crucis
1323 1146 1407 1187 mon-

256 1238 398 1291 strant:
425 1226 515 1291 buius
531 1226 608 1310 signi
625 1245 682 1288 uno
698 1236 826 1288 extenso
842 1246 877 1288 ao
892 1226 1007 1288 directo
1026 1247 1117 1290 corno
1141 1229 1268 1291 mundus
1290 1238 1408 1291 sosten-

254 1344 372 1410 tatur‚
403 1343 487 1395 terra
511 1330 744 1415 constringitur,
770 1342 800 1394 et
824 1352 840 1394 e
862 1332 985 1394 doorom
1003 1339 1007 1409 Ι
1024 1353 1099 1414 qaae
1121 1352 1175 1415 pcr
1195 1333 1274 1396 latus
1295 1335 1530 1399 octonarum.

257 1439 456 1522 compagine
472 1438 574 1500 oriens
590 1436 732 1518 tangitur,
756 1436 895 1499 occidens
911 1436 1095 1515 subleuator,
1118 1451 1151 1501 ot
1165 1439 1211 1503 sic
1229 1449 1310 1504 totus
1326 1440 1408 1503 orbis

259 1545 434 1629 tripertita
458 1542 621 1606 stabilitate
643 1542 778 1605 firmatus
801 1541 912 1603 conlisi
935 1544 1036 1625 operis
1050 1543 1282 1609 immortalitatis
1297 1546 1409 1609 radicis

258 1651 475 1715 fundamento
497 1658 649 1712 teneatur.
682 1648 745 1709 lloo
760 1657 910 1711 secretum
926 1649 1012 1710 nobis
1028 1651 1231 1714 uenerandum
1247 1652 1408 1735 propbetas

258 1755 438 1819 oraculum
461 1754 600 1832 tradidit,
623 1754 792 1816 iouauimus
814 1753 891 1816 enim
913 1753 946 1815 in
966 1752 1105 1817 Abbacuc
1125 1756 1167 1818 ita
1190 1776 1259 1820 esse
1280 1760 1407 1841 perscri-
1434 1777 1450 1825 5

261 1873 377 1945 ptum:
406 1854 499 1924 ‘texit
519 1861 618 1923 caelos
639 1859 737 1922 uirtus
761 1857 825 1921 eius
848 1868 880 1919 et
901 1858 989 1921 laude
1011 1859 1077 1923 cius
1098 1862 1184 1944 plena
1207 1874 1255 1926 est
1276 1874 1356 1925 terra
1377 1874 1490 1941 ειμι,
1505 1876 1534 1926 s·

262 1968 427 2050 splendor
439 1968 503 2030 eius
515 1976 548 2029 ut
559 1967 614 2029 lux
626 1966 700 2042 erit3
718 1984 829 2027 cornua
845 1964 876 2027 iu
893 1964 1029 2027 manibus
1044 1966 1109 2031 eius
1122 1980 1211 2031 eruut
1222 1979 1254 2031 ct
1263 1969 1325 2032 illic
1337 1990 1407 2032 con·
1453 1942 1491 2007 δ’]

263 2072 414 2136 stabilita
431 2083 478 2137 est
492 2072 589 2136 uirtus
605 2071 718 2155 gloriae
734 2071 799 2134 cios
815 2080 846 2133 et
860 2070 1015 2134 constitnit
1030 2072 1219 2137 dilectionem
1234 2096 1339 2139 suam:
1356 2076 1411 2139 ibit

266 2178 407 2242 uerbum
424 2190 455 2242 et
470 2178 628 2262 praecedet
644 2177 804 2241 secondum
821 2196 945 2261 gressus
960 2170 1056 2242 suos.'
1086 2180 1131 2243 llo
1153 2184 1324 2247 ueneranda
1342 2204 1410 2245 cra-

266 2284 315 2347 cis
340 2304 475 2360 cornua,
505 2304 543 2348 ea
563 2296 684 2348 sanctae
706 2283 826 2347 uirtmis
848 2285 1007 2347 inmortale
1027 2285 1193 2370 fastigium,
1220 2310 1258 2353 en
1282 2288 1409 2371 gloriosi
1419 2293 1451 2343 1⁰

269 2392 381 2475 operis
406 2390 506 2454 diuina
528 2411 673 2474 conpago.
705 2390 751 2453 Tu
775 2389 894 2453 Christe
915 2393 1058 2454 mundum
1079 2414 1114 2455 ac
1135 2404 1245 2458 terram
1270 2396 1409 2461 estensis

269 2497 433 2573 manibus,
453 2508 483 2559 ιιι
499 2499 628 2561 caeleste
643 2507 794 2560 sustentas
808 2495 980 2578 imperium,
1004 2498 1064 2560 tuis
1078 2498 1287 2563 inmortalibus
1302 2501 1411 2565 adbae-

270 2613 323 2666 ret
348 2602 486 2667 humeris
509 2604 591 2667 salus
606 2613 721 2678 nostra,
745 2609 790 2677 to,
814 2600 946 2676 domina,
972 2612 1114 2665 aeternae
1134 2602 1214 2666 uitae
1234 2604 1349 2667 baiulas
1370 2608 1411 2668 si·

271 2730 388 2791 gnum,
416 2718 447 2770 tu
463 2709 636 2771 uenerando
657 2705 802 2770 instinctu
818 2703 873 2766 huc
888 2706 975 2768 nobis
990 2706 1149 2769 denuntias
1166 2729 1219 2791 per
1233 2710 1409 2793 propbetas,

271 2814 319 2877 ait
337 2813 423 2876 enim
439 2812 565 2875 Esaias:
586 2806 670 2875 ‘cccc
685 2822 774 2875 natus
789 2820 836 2874 est
851 2810 939 2874 nobis
957 2811 1048 2891 lilios,
1070 2812 1225 2896 imperinm
1247 2838 1339 2903 super
1358 2820 1411 2883 bo·
1422 2841 1454 2892 15

273 2939 387 2983 meros
401 2919 466 2982 eius
478 2928 509 2980 ct
521 2929 657 2982 uocatum
670 2928 716 2983 est
728 2939 836 2982 nomen
848 2918 912 2982 cios
924 2939 1050 3001 magnae
1061 2919 1252 3004 cogitationis
1264 2918 1411 2991 nuntius?
1422 2946 1486 3013 [aa
1494 2945 1532 3011 a]

275 3026 366 3089 llaec
389 3035 459 3088 sunt
481 3027 577 3088 crucis
599 3045 724 3102 cornua,
749 3024 855 3108 quibus
877 3027 977 3090 omnia
999 3037 1030 3090 et
1046 3027 1242 3094 subleuantur
1255 3033 1368 3116 pariter
1381 3046 1414 3098 et

277 3132 491 3207 continentur,
508 3129 554 3196 bis
569 3130 710 3195 cornibus
725 3130 801 3195 bene
816 3131 970 3196 hominum
992 3133 1088 3198 utitur
1110 3134 1185 3198 uita.
1217 3136 1257 3200 Vt
1270 3137 1413 3203 Amalecb

277 3239 461 3300 uinceretur
475 3237 611 3300 extensis
627 3238 764 3302 manibus
778 3239 900 3322 Moyses
916 3240 992 3303 baec
1006 3240 1141 3304 imitatos
1163 3253 1211 3306 cst
1232 3265 1356 3322 cornua,
1381 3258 1414 3308 ut

279 3343 403 3406 facilius
417 3343 591 3425 impetraret
605 3345 683 3426 qood
699 3364 878 3429 magnopere
895 3345 1065 3428 postulabat
1079 3365 1198 3408 crucem
1213 3348 1271 3409 sibi
1287 3350 1359 3410 lecit
1373 3369 1413 3412 cx
1423 3367 1456 3416 ιο

280 3448 385 3531 uirga.
416 3448 462 3511 Ad
477 3448 551 3512 baec
566 3468 680 3510 cornua
695 3448 805 3511 festina
820 3449 975 3511 celeritate
998 3459 1169 3531 properate,
1194 3451 1230 3512 ad
1252 3450 1326 3515 baec
1348 3474 1414 3516 cor·

281 3574 343 3616 uua
362 3553 465 3616 humili
482 3553 679 3616 ueneratione
694 3550 857 3634 confugite,
882 3552 928 3614 bis
944 3573 1000 3616 uos
1022 3554 1152 3637 adligaot
1166 3557 1307 3622 cornibus
1329 3559 1414 3623 iusti·

281 3659 337 3737 tia,
357 3658 506 3740 aequitas,
525 3655 677 3738 pudicitia,
696 3657 915 3735 misericordia,
933 3659 1088 3742 patientia,
1100 3660 1184 3739 tides,
1199 3673 1232 3725 ut
1243 3668 1414 3731 ueneranda

283 3767 493 3847 praeferentes
513 3761 645 3843 insignia
667 3773 862 3828 consecratae
886 3765 993 3829 tronus
1016 3766 1172 3831 maiestate
1192 3772 1356 3852 gaudentes
1384 3785 1415 3835 et

284 3867 583 3953 sepulturaerristi
599 3867 759 3951 participes
775 3870 842 3934 sitis
857 3881 889 3933 et
902 3871 996 3934 uitae.
1015 3893 1021 3961 p
1037 3872 1127 3938 Aliud
1142 3875 1230 3938 etiam
1246 3877 1413 3960 symbolum
1424 3880 1539 3934 Fal-²²³·

287 3975 479 4059 proterimus,
505 3984 539 4037 ut
560 3974 748 4037 contamioae
770 3976 963 4058 cogitationis
985 3977 1101 4043 scelera
1122 3983 1306 4060 reuelentor,
1331 3952 1459 4048 coius[⁰'
1472 3951 1529 4017 π’]

286 4091 369 4144 totus
385 4081 459 4143 ordo
475 4081 617 4144 dicendos
633 4091 680 4144 cst
695 4091 728 4143 nt
743 4092 814 4163 aput
828 4101 933 4144 omnes
949 4094 1068 4148 constet
1079 4085 1201 4148 diuinae
1213 4087 1417 4170 dispositionis

287 4185 385 4269 legem
401 4207 543 4270 peruersa
557 4185 668 4250 diaboli
684 4205 751 4250 esse
772 4187 941 4251 imitatione
961 4200 1142 4272 corruptam.
1172 4191 1270 4254 Nocte
1292 4195 1417 4276 quadam

290 4291 480 4356 simulacrum
503 4293 535 4355 io
557 4291 666 4354 lectica
687 4292 824 4375 supinum
846 4294 968 4376 ponitur
988 4305 1020 4356 ct
1043 4315 1098 4379 per
1125 4315 1267 4361 numeros
1294 4299 1419 4382 digestis
1446 4309 1461 4358 a

359 4438 393 4490 tt
406 4437 509 4488 inuenta
590 4439 606 4488 l
621 4437 787 4489 loodsmaota
800 4446 956 4490 tencantur:
971 4442 1106 4493 audacius
1117 4444 1165 4494 aad
1175 4448 1263 4497 acacio
1276 4463 1310 4498 aa
1322 4451 1420 4500 molius

292 4515 448 4576 scripseris:
468 4515 632 4565 subleuatar:
654 4516 690 4566 sic
711 4523 781 4566 totos
799 4517 868 4568 orbis
881 4518 1010 4584 tripertita
1023 4520 1166 4572 stabilitate
1179 4522 1296 4576 firmatur
1308 4544 1364 4578 cnm
1376 4528 1421 4579 flai

293 4590 377 4652 operis
390 4589 590 4642 immortalitatis
604 4592 734 4643 radicibus
748 4592 914 4646 laudamento
926 4602 1070 4648 teneantur.
1230 4602 1247 4653 8
1259 4602 1422 4658 *constituet

296 4665 327 4716 lb
342 4667 416 4718 uobis
484 4670 518 4721 tt
530 4667 635 4718 ⁴'’loutis
705 4667 799 4722 illota
