3725 5850
797 628 844 695 33

242 829 402 895 prospere
426 808 557 893 procede¹
576 818 607 871 et
626 827 719 891 regna
749 818 871 892 propter
894 807 1053 870 ueritatem
1075 817 1106 870 ct
1125 806 1425 871 mansuetudinemtt

243 928 276 979 et
290 914 458 993 iustitiam,
483 924 513 977 ct
535 913 660 977 deducet
680 924 710 977 te
730 912 907 977 mirabiliter
922 912 1049 976 dextera
1064 923 1126 975 tua.
1165 913 1299 995 Sagittae
1313 922 1384 978 tuae

242 1032 375 1098 acutae,
394 1014 618 1105 potentissime:
643 1018 744 1104 populi
758 1019 837 1083 inira
852 1028 882 1083 tc
898 1015 1037 1083 decident
1050 1018 1083 1081 in
1094 1018 1184 1082 corde
1194 1018 1383 1083 inimicorum

244 1128 345 1210 regis.
382 1126 476 1191 Sedes
499 1137 550 1190 tna
573 1125 646 1189 deus
660 1125 692 1188 in
714 1124 866 1189 sacculum
882 1124 1012 1189 sacculi=
1037 1124 1124 1207 uirga
1138 1134 1221 1187 recta
1236 1133 1283 1187 est
1297 1124 1384 1208 uirga

242 1233 337 1317 regni
353 1233 412 1297 tui.
445 1232 585 1297 Dilexisti
600 1212 756 1309 iustitiam,
775 1232 865 1295 odisti
880 1230 1083 1313 iniquitatem
1107 1240 1265 1314 propterea
1279 1230 1385 1293 uncxit

244 1351 275 1402 ιο
293 1342 374 1405 deus
397 1349 465 1403 tuus
489 1337 586 1401 oleum
608 1336 740 1400 lactitiae
760 1358 779 1399 a
800 1335 987 1401 consortibus
1007 1337 1086 1402 tuisz
1109 1336 1234 1420 myrrha
1248 1346 1279 1398 οι
1300 1345 1384 1419 gutta
1392 1343 1426 1394 ιο

245 1456 275 1508 et
293 1446 401 1511 cassia
417 1442 634 1507 anestimcotis
645 1442 705 1507 tuis
719 1443 755 1506 de
767 1443 911 1509 aediliciis
924 1443 1066 1509 eburneis
1078 1440 1232 1525 exquibus
1241 1441 1384 1505 teiocun-

242 1552 344 1617 ditate
362 1540 562 1614 adiecerunt.²

337 1655 514 1719 inmortalis
530 1638 674 1739 unguenti
690 1664 807 1719 secreta
823 1654 1006 1739 peruidimus
1026 1664 1058 1718 et
1077 1654 1196 1718 diuinae
1216 1652 1305 1717 nobis
1324 1652 1384 1717 dis-

245 1761 403 1844 positouis
415 1762 487 1824 ordo
499 1769 682 1825 monstratus
697 1770 760 1824 ests
783 1779 910 1842 reguum
924 1771 1097 1844 perpetuum
1113 1769 1145 1822 et
1159 1759 1234 1823 caeli
1249 1759 1384 1823 diadema

244 1867 376 1930 domino
393 1876 497 1929 nostro
513 1887 580 1929 cum
597 1864 741 1949 unguenti
764 1865 919 1929 maiestate
935 1864 1082 1928 conlatum
1098 1875 1155 1928 est.
1195 1863 1268 1944 Quis
1283 1873 1426 1928 antemna

244 1972 293 2035 bic
316 1971 373 2055 qui
395 1970 518 2054 regendi
542 1969 623 2034 orbis
647 1972 761 2055 accepit
783 1982 972 2055 potestatem,
997 1969 1047 2053 qui
1069 1970 1234 2033 uenerandi
1254 1971 1383 2037 nominis
1392 1975 1508 2029 soleat

245 2080 416 2142 maiestate
436 2078 614 2154 decoratur,
645 2077 725 2141 uliud
750 2078 837 2141 nobis
863 2088 1012 2142 monstrat
1034 2076 1207 2155 oraculum3
1238 2076 1282 2140 ait
1304 2077 1383 2141 enim

245 2184 273 2245 is
289 2184 375 2247 idem
393 2182 506 2245 Dauid:
526 2176 581 2245 ‘Vt
595 2182 665 2265 quid
681 2184 869 2261 fremuerunt
883 2193 988 2267 gentes
1004 2194 1035 2245 ct
1049 2182 1148 2267 populi
1164 2182 1299 2247 meditati
1314 2195 1385 2247 sunt

246 2289 380 2353 iuauia‘l
394 2288 584 2353 Adstiteruut
595 2310 684 2374 reges
695 2300 797 2354 terrae
813 2301 843 2354 ct
857 2290 1008 2375 principes
1019 2299 1228 2354 conuenerunt
1241 2289 1272 2352 in
1293 2311 1382 2353 unum

247 2396 403 2459 aduersus
420 2394 569 2460 dominum
586 2406 616 2459 et
630 2397 775 2461 aduersus
793 2396 946 2468 Christum
960 2388 1048 2460 eius?
1081 2394 1156 2475 Quit
1173 2404 1203 2458 te
1219 2395 1264 2458 sic
1285 2396 1385 2457 extol·
1410 2401 1426 2449 5

190 2506 194 2511 “
246 2500 285 2563 lis
302 2500 457 2581 sacrilega
479 2502 659 2583 persuasio?
678 2502 748 2585 quid
761 2502 887 2565 miseros
904 2501 1040 2588 homines
1055 2500 1201 2563 effrenata
1215 2500 1385 2563 temeritate

248 2606 483 2671 circumuenisl
504 2605 694 2688 Vnguentum
718 2606 832 2669 Christi
853 2605 929 2668 caeli
949 2606 1042 2668 donat
1061 2604 1232 2687 imperium,
1250 2624 1385 2686 unguen-

246 2723 312 2776 tum
330 2724 416 2775 tunm
433 2711 586 2793 gehennae
596 2710 871 2779 suscitatllammas.
896 2708 1041 2791 Sedquod
1055 2710 1162 2793 inpuro
1177 2730 1230 2774 ore
1243 2712 1384 2774 sacerdos
1394 2718 1430 2787 [ο.
1441 2721 1497 2787 st]

246 2819 308 2882 iste
334 2827 369 2879 et
391 2816 502 2898 polluta
524 2817 685 2879 uerborum
709 2814 960 2879 contaminatione
983 2816 1134 2900 componit
1155 2814 1229 2879 libet
1250 2815 1386 2900 diligenti

247 2920 452 3008 inquisitione
474 2921 634 2988 discutere.
672 2920 814 2990 Liberato
838 2921 894 2986 deo
913 2942 970 2986 suo
989 2921 1101 2988 bonnm
1123 2922 1255 2987 animum
1277 2931 1427 3005 gererelu

248 3033 376 3105 socios,
401 3028 536 3092 fiduciam
556 3028 653 3094 bonae
676 3029 739 3114 spei
763 3028 872 3092 babere
893 3029 1063 3112 persuadet.
1103 3028 1229 3112 anam
1251 3030 1382 3109 miseris,

250 3157 344 3219 qnam
368 3134 512 3198 luctuosis
534 3155 567 3199 sc
588 3135 702 3218 laqueis
723 3135 852 3200 inuoluit
866 3134 978 3198 caduca
999 3135 1168 3198 calliditas!
1208 3135 1281 3216 Quis
1297 3137 1384 3199 (lenm

251 3253 339 3306 tunm
362 3240 557 3304 liberationi
580 3240 636 3304 boc
659 3242 807 3325 praestitit
830 3242 908 3323 quod
929 3240 1067 3304 laborati
1089 3241 1181 3317 disce,
1204 3243 1285 3304 disce
1306 3244 1384 3324 qnod

251 3345 369 3424 nescis,
395 3346 476 3409 disce
498 3347 574 3428 qnod
597 3368 656 3410 nou
672 3348 774 3411 uides:
801 3346 938 3410 Christus
952 3345 1032 3408 lilius
1047 3345 1094 3407 dei
1109 3355 1143 3408 nt
1157 3344 1317 3426 humanum
1333 3366 1385 3428 ge·

251 3473 311 3515 nus
327 3473 347 3516 a
362 3452 467 3515 mortis
482 3452 597 3535 laqueis
613 3453 755 3516 liberaret
769 3469 842 3513 nere
853 3449 954 3514 omnia
968 3449 1027 3512 ista
1042 3449 1194 3527 sustinuit,
1211 3459 1245 3512 nt
1259 3449 1384 3534 captiui-
1393 3457 1425 3508 lt

252 3559 325 3621 tatis
341 3558 434 3620 durae
445 3556 549 3638 iugum
564 3555 695 3632 tolleret,
718 3566 752 3619 ut
772 3553 922 3617 bominem
937 3554 1016 3638 patri
1030 3554 1182 3633 redderet,
1199 3565 1233 3618 ut
1247 3555 1384 3640 mitigata

213 3689 218 3697 ¹
251 3663 371 3726 offensa
393 3660 543 3723 hominem
567 3680 632 3722 cunt
654 3659 709 3723 cleo
731 3678 873 3743 prospera
896 3659 1105 3724 conciliatione
1126 3675 1329 3746 componeret,
1351 3675 1384 3726 ut

252 3766 423 3852 promissae
452 3765 684 3830 resurrectionis
713 3767 839 3830 fructum
868 3766 989 3850 proprio
1019 3777 1202 3832 monstraret
1230 3770 1380 3854 exemplo.

253 3874 342 3937 Fecit
361 3872 440 3935 lilius
456 3870 504 3935 dei
519 3871 595 3953 quod
612 3882 682 3936 ante
702 3871 901 3957 promiserat:
926 3872 1016 3936 clusit
1029 3873 1136 3966 ianuas
1150 3875 1230 3948 seclis
1245 3876 1382 3940 infernae

254 3991 286 4042 et
301 3981 396 4042 durae
411 3977 487 4061 legis
504 3977 712 4042 necessitatem
729 3978 843 4042 calcata
861 3989 959 4040 morte
975 3979 1159 4062 prostrauit;
1183 4003 1237 4065 per
1250 3983 1381 4045 triduum
1390 3992 1442 4043 20¹

1400 2160 1504 2229 [psalm.

1392 2232 1419 2296 2,
1432 2231 1443 2282 l
1454 2228 1507 2295 sq]

255 4089 406 4150 recensita
422 4082 458 4148 ab
474 4103 510 4146 eo
525 4083 671 4148 iustorum
687 4083 774 4148 turba
797 4082 922 4148 collecta
946 4095 995 4150 est
1017 4105 1055 4148 ne
1075 4085 1187 4151 diutins
1209 4099 1314 4150 contra
1329 4107 1381 4151 eos

327 4304 359 4357 15
379 4305 519 4358 uirtutem:
539 4307 611 4371 quod
623 4307 713 4358 aditur
731 4312 760 4356 et
770 4304 845 4358 LXX
855 4305 958 4359 babent
969 4313 997 4359 at
1015 4309 1147 4376 Cyprias.
1162 4313 1263 4361 testim.
1290 4309 1321 4361 ll.
1336 4313 1381 4377 2⁹,

257 4390 358 4452 peut.
405 4391 577 4446 ittuneom.
618 4391 673 4444 1⁷*
684 4391 1034 4457 potentissimae-*intro
1077 4395 1110 4446 18
1123 4395 1195 4446 tedis
1246 4397 1382 4465 20mprru

166 4483 173 4494 ⁴
260 4472 273 4522 1
289 4475 403 4538 regende
447 4475 674 4542 3*Seripst‘tscm
688 4477 790 4541 itidem,
808 4480 865 4526 niaa'
876 4479 952 4544 infra
961 4478 1020 4543 sol.
1035 4478 1090 4544 ³⁰¹,
1110 4481 1235 4534 litterum
1250 4486 1277 4533 in
1290 4483 1382 4534 codice

258 4561 629 4622 scriptumcoetarctisidem
698 4560 891 4614 8*tunmom.
955 4563 1227 4628 loningamcffeo'si
1294 4570 1326 4623 21
1341 4583 1383 4619 rc·

259 4644 372 4694 censita

1159 4739 1174 4788 3
