3725 5850
848 646 886 713 5l

304 846 413 909 caprae
428 826 633 908 superpositus
648 824 679 886 iu
695 824 808 887 eaelum
830 826 941 889 missus
954 836 1013 889 est.
1061 828 1208 893 Hactenus
1225 830 1319 893 aniles
1335 832 1432 913 genti-

303 928 375 991 lium
398 929 517 994 fabulae
540 943 571 994 et
591 930 788 1014 genealogiae
811 934 1026 1015 processerint.
1072 931 1142 996 Siue
1164 934 1222 996 line
1239 937 1315 998 enim
1339 949 1386 1000 est
1407 939 1432 1001 si

303 1035 392 1097 uelim
404 1057 508 1101 omnes
520 1037 730 1119 generationes
739 1057 843 1100 eorum
860 1057 936 1121 quos
952 1040 1024 1103 deos
1040 1039 1189 1123 appellant
1203 1051 1233 1102 ει
1243 1041 1334 1124 impia
1345 1053 1430 1125 gesta

303 1143 451 1223 prolerre.
497 1142 553 1205 Sed
578 1143 707 1227 exempli
730 1144 828 1227 gratia
849 1146 969 1210 omissis
991 1145 1101 1208 ceteris
1124 1146 1211 1209 unius
1233 1168 1319 1229 quem
1336 1148 1432 1211 maxi-

304 1268 382 1310 mum
406 1260 437 1310 et
459 1250 647 1333 praeeipuam
672 1249 782 1313 babent
810 1271 956 1333 quemque
983 1252 1083 1314 loucm
1107 1252 1262 1315 nominant
1284 1254 1475 1336 flagitiosam

304 1367 388 1438 gesta
404 1356 565 1439 replicabo.
606 1356 691 1418 llunc
715 1357 791 1419 enim
814 1357 916 1420 dieunt
930 1358 1046 1420 caelum
1068 1369 1172 1425 tenere
1187 1369 1335 1441 tamquam
1352 1372 1432 1422 oete-

302 1462 345 1525 ris
360 1462 515 1524 meliorem
532 1464 580 1543 qui
597 1462 697 1524 statim
715 1474 747 1525 ει
762 1464 894 1527 adoleuit
910 1484 1045 1527 sororem
1069 1466 1217 1547 propriam
1240 1486 1326 1548 quam
1344 1466 1432 1528 luno-

303 1586 371 1629 nem
395 1578 503 1630 uocaut
520 1567 605 1631 duxit
620 1588 746 1631 uxorem
770 1570 801 1631 in
824 1591 882 1651 quo
906 1569 1007 1651 utique
1022 1569 1056 1631 lit
1079 1569 1185 1634 similis
1201 1571 1318 1654 pecudi.
1359 1571 1431 1633 luno

302 1672 468 1737 Vulcanum
493 1674 568 1756 parit
585 1674 637 1737 sed
652 1685 685 1737 ut
701 1674 822 1738 tradunt
842 1696 902 1737 non
926 1696 966 1738 ex
994 1675 1065 1738 loue
1085 1687 1279 1760 conceptum:
1304 1699 1343 1741 ex
1365 1677 1431 1761 ipso

302 1789 402 1842 autem
421 1780 490 1841 lone
504 1780 658 1843 Matidiam
674 1780 796 1863 genuit3
820 1801 908 1862 quam
924 1801 1070 1864 responso
1091 1791 1214 1865 accepto
1231 1784 1308 1864 quod
1325 1783 1375 1865 qui
1391 1804 1430 1845 ex
1441 1799 1474 1849 20

303 1908 339 1949 ea
355 1897 533 1949 nasceretur
555 1886 663 1948 fortior
682 1885 733 1949 illo
750 1896 830 1949 esset
853 1895 883 1948 et
902 1906 996 1969 regno
1012 1907 1078 1950 eum
1095 1887 1256 1969 depelleret
1270 1890 1431 1953 adsumens

303 1993 392 2055 etiam
409 1992 471 2075 ipse
487 1992 622 2056 deuocat.
662 1992 700 2054 Et
722 2012 826 2055 rursus
848 1992 953 2075 genuit
975 1992 1011 2056 de
1033 1994 1158 2056 eerebro
1181 1995 1298 2076 quidem
1318 1995 1432 2057 Miner·

304 2120 383 2176 uana,
402 2100 438 2161 de
454 2100 566 2163 femore
573 2098 726 2161 Liberum.
745 2099 819 2161 Post
833 2097 907 2162 baec
921 2099 1078 2163 Tbetidem
1090 2122 1155 2163 oum
1168 2101 1336 2166 adamasset
1347 2102 1432 2165 aiunt

303 2205 511 2269 Prometheum
537 2204 748 2289 pronuntiasse
770 2204 799 2268 ei
820 2206 896 2287 quod
920 2206 946 2269 si
963 2206 1173 2271 concubuisset
1188 2229 1254 2269 cum
1271 2227 1306 2270 ea
1324 2209 1374 2290 qui
1389 2230 1431 2271 erc

303 2331 339 2373 ea
363 2322 541 2375 nasceretur
562 2312 669 2375 fortior
690 2323 772 2376 esset
794 2322 888 2395 patre.
928 2312 967 2374 Et
988 2314 1026 2375 ob
1049 2314 1105 2377 boe
1126 2314 1241 2377 ueritus
1262 2314 1351 2378 Peleo
1368 2314 1473 2380 cui-25

303 2418 369 2480 dam
393 2418 528 2481 daleam
550 2420 580 2481 in
602 2419 834 2482 matrimonium.
872 2417 986 2481 Dehine
1008 2417 1218 2501 Persephonae
1242 2440 1317 2501 quae
1339 2419 1368 2481 ei
1391 2440 1431 2482 ex

303 2526 415 2587 Cerere
438 2527 537 2587 luerat
558 2536 693 2607 suseepta
715 2524 858 2587 miscetur
887 2542 1006 2604 exque
1028 2523 1193 2607 Dionysum
1215 2523 1319 2605 genuit
1340 2524 1389 2606 qui
1413 2545 1431 2585 a

301 2632 418 2695 Titanis
434 2631 599 2713 discerptus
616 2639 673 2691 est.
707 2629 763 2691 Sed
779 2628 967 2703 reeordatus,
984 2627 1093 2709 iuquit,
1112 2648 1149 2690 ue
1166 2630 1242 2691 forte
1259 2639 1343 2711 pater
1358 2649 1430 2691 suus

301 2740 449 2802 Saturnus
465 2736 555 2799 alium
572 2747 733 2818 generaret
748 2734 797 2817 qui
814 2733 903 2795 etiam
926 2733 1035 2795 forlior
1049 2752 1082 2795 se
1098 2744 1277 2797 nasceretur
1295 2735 1300 2818 Ι
1319 2754 1430 2816 reguo·
1442 2742 1554 2794 Potane

301 2865 358 2928 que
375 2864 441 2907 eum
458 2841 631 2926 depelleret,
655 2839 828 2923 obpugnare
850 2839 1024 2924 adgreditur
1038 2851 1153 2923 patrem
1175 2864 1235 2905 una
1250 2863 1314 2904 eum
1331 2843 1452 2921 fratri-x

302 2954 358 3016 bus
374 2951 437 3014 suis
445 2947 563 3012 Titanis
579 2947 685 3030 quibus
702 2949 853 3031 oppressis
870 2948 1049 3011 adultimum
1062 2948 1152 3012 etiam
1163 2960 1275 3033 patrem
1289 2950 1319 3013 iu
1332 2950 1432 3013 uincla

304 3058 433 3122 coniecit
449 3057 625 3140 desuetaque
642 3056 706 3118 eius
721 3053 864 3138 genitalia
878 3055 911 3119 iu
927 3077 1009 3120 mare
1025 3057 1161 3140 proiecit.
1202 3057 1259 3121 Sed
1276 3078 1367 3120 eruor
1381 3059 1431 3140 qui

303 3164 430 3228 deduxit
451 3163 487 3226 de
508 3163 633 3226 uulnere
656 3174 813 3245 suseeptus
834 3163 971 3228 lluetibus
994 3175 1024 3227 et
1045 3165 1192 3247 frequenti
1214 3164 1379 3228 conlisione
1399 3165 1431 3227 in
1454 3170 1470 3220 5

303 3292 435 3356 spumam
458 3290 565 3334 uersus
590 3271 759 3352 procreauit
782 3288 846 3331 earn
873 3291 960 3351 quam
983 3271 1084 3333 dieunt
1105 3268 1262 3332 Afroditen
1285 3290 1431 3351 quamque

303 3387 373 3461 aput
389 3398 443 3440 nos
458 3375 607 3440 Venerem
625 3375 785 3458 appellant.
815 3374 864 3434 Ex
881 3375 967 3437 buius
984 3374 1144 3437 concubitu
1159 3395 1234 3456 quae
1250 3385 1316 3436 erat
1330 3375 1431 3455 utique

302 3506 390 3548 soror
411 3485 490 3547 bunc
513 3481 607 3565 ipsum
632 3480 732 3542 leuem
756 3481 855 3540 lerunt
866 3479 1007 3560 genuisse
1024 3479 1134 3563 Cypria
1151 3499 1191 3542 cx
1208 3501 1266 3561 qua
1282 3479 1385 3541 dieunt
1400 3491 1432 3542 ει

303 3591 476 3674 Cupidinem
493 3596 607 3648 natum.
647 3583 727 3646 llaec
749 3582 866 3665 quidem
891 3585 926 3647 de
949 3585 1074 3647 incestis
1097 3585 1196 3649 louis:
1222 3586 1290 3649 audi
1308 3599 1431 3650 nuncet

303 3700 338 3762 de
370 3693 525 3759 adulteriis
554 3690 646 3753 louis.
700 3689 848 3774 Europam
877 3690 990 3756 Oceani
1018 3692 1175 3775 coniugem
1200 3692 1287 3756 uitiat
1308 3713 1349 3756 ex
1372 3701 1474 3776 qualo

371 3905 571 3960 llAetenusP.
587 3904 710 3955 unilisb.
762 3904 791 3954 ll
818 3903 906 3955 l'abula
920 3905 1110 3970 otgeuealogia
1124 3907 1156 3957 L.
1182 3906 1387 3973 ⁸*processerunt
1398 3906 1428 3956 P.

301 3994 460 4062 processerit
473 3992 504 4042 L.
611 3990 746 4054 lSegesta
759 3989 790 4039 P.
876 3989 997 4040 lluoum
1010 3990 1040 4040 P.
1124 3991 1156 4042 lb
1176 3994 1275 4042 caelum
1290 3992 1379 4041 dicunt
1398 3991 1427 4041 L.

302 4081 333 4132 te
352 4080 440 4129 dicuat
453 4077 486 4128 11.
558 4075 698 4140 -utique
712 4076 800 4125 atatim
815 4074 888 4125 ott.
962 4075 993 4127 to
1006 4091 1100 4141 parens
1113 4078 1144 4126 P.
1214 4077 1432 4140 aulntatttgatur

301 4165 388 4228 blatis,
410 4167 488 4214 ouius
504 4164 621 4213 nominis
633 4161 733 4226 forma
754 4159 843 4212 latinu
862 4161 975 4212 uidetur
988 4177 1044 4212 asae
1057 4161 1176 4212 llatidia.
1213 4161 1299 4226 -qui
1314 4176 1383 4227 resp.
1398 4161 1429 4211 P.

300 4252 332 4303 tt
353 4251 406 4310 ipso
420 4250 451 4301 1..
472 4265 572 4299 -ass
588 4247 622 4298 b.
658 4247 828 4313 22ipsumL
859 4262 1005 4297 -rursum
1018 4247 1050 4296 t..
1087 4249 1121 4298 at
1139 4247 1311 4314 pronuntians
1327 4261 1385 4297 euru
1398 4246 1429 4296 P.

300 4337 370 4385 -si
383 4350 435 4386 om.
450 4334 481 4385 t.
518 4336 551 4386 25
564 4347 622 4384 esse
635 4332 666 4382 P.
702 4331 832 4398 -pelleo
846 4332 878 4384 P.
917 4334 951 4386 ιιι
970 4331 1109 4398 perselonq
1123 4332 1155 4383 1..
1176 4332 1337 4398 persephone
1350 4332 1431 4397 quial

300 4436 404 4472 exuero
418 4420 447 4472 P.
484 4418 679 4474 27dionissum
693 4419 724 4469 Ρ.
748 4418 879 4469 dtonitum
892 4418 926 4469 t.
969 4419 1003 4469 28
1022 4418 1133 4468 tbitauis
1146 4417 1178 4466 P.
1222 4418 1430 4471 leumomdh

301 4505 437 4557 Seiusb.
474 4504 634 4554 -tbitcnis
647 4504 679 4553 P.
710 4530 749 4544 --
762 4503 836 4571 obpr.
849 4503 883 4555 1..
919 4503 1072 4554 -uineula
1087 4502 1119 4553 11·
1185 4501 1248 4553 lde
1261 4518 1288 4552 sa
1301 4505 1387 4569 itaque
1401 4504 1431 4555 1..

301 4593 367 4643 box
380 4608 406 4642 u.
421 4590 453 4641 1..
517 4589 698 4640 -oollisiono
715 4588 748 4638 1..
838 4589 931 4656 lupud
946 4590 979 4641 11.
1054 4604 1152 4654 -que
1165 4588 1195 4638 Ρ.
1234 4589 1385 4656 -utriqua
1398 4589 1429 4638 P.

299 4675 453 4729 8uiuntL.
560 4674 699 4726 taloan.
789 4674 1019 4727 ldlouisom.b.
1062 4673 1263 4723 —uiotauitd.

1182 4774 1221 4827 μ
