3725 5850
829 680 874 753 tt

288 862 369 927 cubit
384 872 425 940 te,
443 862 469 927 si
485 862 657 927 exaudieris
673 882 777 927 uocem
794 862 906 927 domini
929 864 976 927 dei
992 866 1034 928 tui
1050 876 1081 927 et
1101 866 1313 931 obseruaucris
1328 888 1415 953 prae·

154 982 159 989 ·
288 978 375 1053 cepta
397 960 487 1032 eius.³
517 968 743 1032 Misericordiae
766 989 838 1032 suae
861 970 959 1047 uobis,
987 971 1182 1037 sacratissimi
1204 974 1412 1057 imperatores,

288 1074 363 1139 deus
385 1094 519 1137 summus
538 1072 671 1157 praemia
691 1073 848 1158 pollicetur
868 1087 899 1139 et
919 1076 1155 1160 amplificationis
1177 1081 1327 1144 maximae
1342 1102 1415 1164 aug-

288 1190 390 1243 menta
404 1179 557 1243 decernit:
582 1178 671 1243 facite
687 1179 788 1262 itaque
804 1180 880 1263 quod
896 1179 989 1258 iubet,
1008 1183 1153 1266 complete
1165 1185 1243 1267 quod
1258 1185 1411 1270 praecipit.
1441 1193 1457 1241 5

287 1284 432 1369 Auspicia
446 1294 548 1348 uestra
563 1284 723 1348 maioribus
739 1286 886 1350 cumulata
900 1296 971 1349 sunt
985 1288 1088 1352 donis:
1114 1291 1144 1351 iu
1163 1289 1250 1353 initio
1271 1290 1340 1354 ficei
1363 1314 1415 1375 po-

289 1390 340 1453 sili
362 1390 454 1454 diuini
477 1390 591 1455 fauoris
612 1392 798 1455 incrementa
818 1393 976 1469 sensistis3
1001 1414 1161 1476 numquam
1175 1416 1231 1459 uos
1246 1416 1352 1459 manns
1367 1395 1415 1459 dei

288 1499 461 1561 ueneranda
481 1497 625 1574 deseruit,
649 1516 807 1579 numquam
830 1496 916 1562 uobis
936 1497 1140 1562 laborantibus
1155 1501 1313 1583 denegauit
1327 1503 1416 1565 cuxi-

289 1603 382 1683 lium3
406 1603 494 1667 strati
510 1613 579 1666 sunt
594 1603 820 1669 aduersantium
842 1603 928 1665 cunei
950 1612 982 1665 et
999 1602 1175 1669 rebellantia
1198 1617 1268 1669 aute
1290 1628 1415 1691 conspe-

288 1718 373 1772 ctum
389 1719 528 1773 uestrum
556 1728 675 1792 semper
702 1729 785 1772 arma
815 1706 1007 1785 occiderunt3
1036 1708 1120 1773 missi
1137 1720 1209 1773 sunt
1223 1713 1343 1796 superbi
1359 1713 1456 1776 subto

287 1816 389 1900 iugum
414 1815 513 1899 populi
537 1825 567 1877 et
589 1814 710 1877 Persica
733 1823 803 1877 uota
828 1814 969 1895 conlapsa
991 1823 1062 1876 suut
1076 1834 1132 1877 nec
1146 1826 1227 1878 stare
1243 1817 1294 1881 lin
1309 1828 1414 1881 contra

287 1942 343 1985 uos
352 1920 540 2005 potuitmalis
557 1920 621 1983 suis
635 1928 738 1982 ornata
751 1918 923 1983 erudelitas.
949 1917 1002 1980 llei
1013 1919 1153 1982 uirtutem
1165 1920 1283 2002 utrique
1293 1922 1413 1987 diuerso

287 2027 426 2093 sensistis
442 2038 569 2104 eucutu3
594 2024 679 2090 uobis
695 2023 835 2087 caelestis
851 2024 995 2088 uictoriae
1010 2045 1122 2088 corona
1137 2026 1256 2089 conlata
1272 2037 1330 2104 est,
1348 2028 1414 2091 feli·

287 2133 378 2196 oitatc
393 2142 496 2196 uestra
511 2140 615 2195 nostra
629 2131 805 2195 relocantur
819 2127 1018 2194 incommoda.
1050 2131 1132 2195 llaec
1143 2131 1230 2196 uobis
1245 2133 1318 2197 deus
1334 2154 1413 2198 sum·

287 2260 366 2315 mus,
389 2237 584 2303 sacratissimi
609 2237 820 2319 imperatores,
843 2256 897 2319 pro
924 2236 980 2299 title
1006 2247 1111 2301 uestra
1124 2236 1254 2301 reddibit
1267 2240 1455 2323 praemimto

287 2342 335 2407 bis
349 2364 404 2406 uos
419 2344 539 2407 interim
554 2350 762 2406 remuneratos
777 2341 943 2424 insignibus
957 2342 993 2405 al
1008 2363 1120 2406 arcana
1135 2346 1323 2408 ucuernulae
1337 2344 1414 2429 legis

287 2450 407 2515 inuitat.
426 2450 503 2512 Pura
516 2460 628 2527 monte,
645 2448 754 2511 deuota
765 2446 961 2525 conscientia,
976 2440 1152 2532 incorrupto
1167 2449 1267 2513 auimo
1282 2450 1414 2514 clemen·

287 2556 330 2619 tia
343 2568 444 2621 uestra
456 2550 569 2618 caelum
581 2573 701 2637 semper
711 2552 846 2635 aspiciat,
863 2573 882 2615 a
897 2553 953 2616 cleo
965 2574 1084 2637 semper
1098 2564 1240 2638 expectet
1253 2555 1410 2633 auxilium,

289 2660 402 2727 Christi
417 2661 619 2726 uenerandum
636 2678 745 2723 numen
761 2657 899 2741 imploret
918 2669 950 2722 et
970 2680 1025 2742 pro
1047 2660 1144 2723 salute
1166 2658 1248 2722 orbis
1263 2670 1412 2723 terrarum

287 2788 322 2831 nc
338 2778 442 2831 uestra
456 2765 583 2829 salutari
597 2765 653 2827 deo
668 2762 819 2847 spiritales
835 2762 942 2827 offerat
956 2764 1105 2829 uictimas.
1124 2763 1173 2828 Sic
1187 2763 1274 2828 uobis
1285 2764 1453 2829 feliciterto

286 2884 392 2938 cuncte
407 2870 595 2956 proueniant,
612 2868 769 2948 uictoriae,
786 2868 950 2954 opulentia,
975 2890 1046 2955 pax,
1069 2870 1168 2956 copia,
1185 2870 1297 2935 sanius
1312 2881 1343 2935 ct
1358 2871 1413 2936 tri·

287 2978 400 3062 ampli,
419 2989 451 3042 ut
466 2977 567 3043 diuina
581 2976 738 3042 maiestate
753 2977 889 3060 prouecti
904 2978 1006 3043 orbem
1023 2990 1123 3043 terrac
1139 2976 1222 3044 felici
1237 2977 1412 3061 gubernetis

287 3084 424 3168 imperio.

349 3206 439 3272 ruuu
457 3205 604 3271 uruntur
619 3203 795 3271 urrunnu
813 3191 836 3270 U
853 3191 943 3268 con
959 3205 1112 3270 eunoun
1130 3195 1367 3274 recurreno

639 3311 1061 3391 neurorouqurutcrr.

353 3548 511 3600 bcomulato
549 3575 578 3585 -
605 3547 721 3596 *iuom.
827 3544 1016 3596 lrcuollaotie
1103 3545 1410 3610 inpotentiorem.

289 3631 441 3684 terserat.
473 3629 678 3683 lliocommoclo
