3725 5850
1005 610 1052 677 32

462 791 579 855 iletibus
601 788 766 875 plangitur3
798 788 904 852 deinde
926 811 993 853 cum
1016 810 1049 853 se
1072 790 1140 851 licta
1169 789 1383 852 lamentatione
1410 790 1594 853 satiaueriot

461 898 560 961 lumen
583 897 727 959 infertur:
752 907 821 959 tuno
844 916 862 957 a
885 896 1042 959 sacerdote
1064 895 1193 957 omnium
1210 897 1259 977 qui
1284 893 1394 960 debant
1413 896 1516 957 fauces
1533 916 1591 957 un-

461 1011 603 1086 guentur,
625 1001 731 1083 quibus
747 1002 899 1083 perunctis
915 1002 1056 1066 sacerdos
1072 1000 1128 1063 boo
1143 1000 1225 1063 lento
1241 1020 1392 1063 murmure
1407 1010 1566 1064 susurrat:

627 1108 785 1193 θσῤῥεῖτε
799 1101 922 1187 μύσται
937 1109 998 1170 τοῦ
1011 1110 1099 1170 θεοῦ
1114 1102 1339 1187 σεσωσμένσσ·

418 1230 450 1278 10
627 1206 721 1275 ἔσται
736 1207 796 1296 γὰρ
812 1206 890 1298 ἡμῖν
906 1209 942 1275 ἐκ
956 1203 1066 1275 πόνων
1082 1206 1238 1298 σωτηρία.

461 1320 536 1399 Quid
559 1320 684 1383 miseros
708 1318 838 1381 hortaris
861 1318 1029 1400 gaudeant?
1060 1318 1127 1400 quid
1151 1318 1291 1401 deceptos
1314 1318 1451 1380 homines
1480 1318 1586 1379 lactari

459 1424 631 1508 compellis?
645 1444 732 1505 quam
747 1424 805 1486 illis
821 1444 916 1507 spem,
927 1444 1013 1506 quam
1030 1426 1156 1487 salutem
1172 1426 1289 1487 funesta
1307 1423 1502 1506 persuasione
1518 1445 1587 1508 pro-

459 1532 572 1595 mittis?
594 1529 661 1612 quid
677 1530 746 1592 illos
765 1530 838 1592 lalsa
859 1528 1073 1611 pollicitatione
1093 1530 1259 1594 sollicitas?
1288 1530 1343 1592 Dei
1360 1530 1403 1591 toi
1419 1550 1501 1591 mors
1515 1540 1587 1591 nota

460 1648 517 1715 est,
542 1637 602 1699 uita
624 1656 683 1698 non
706 1645 790 1719 paret
810 1655 866 1698 neo
888 1635 924 1698 de
946 1636 1169 1699 resurrectione
1192 1636 1258 1698 eius
1274 1634 1409 1698 diuinum
1427 1636 1587 1717 aliquando

419 1755 449 1805 15
460 1742 615 1826 respondit
630 1742 782 1804 oraculum
798 1760 854 1803 neo
869 1740 1039 1805 bominibus
1054 1762 1088 1803 se
1104 1752 1171 1824 post
1186 1752 1324 1818 mortem,
1347 1751 1381 1805 ut
1402 1742 1459 1805 sibi
1481 1741 1587 1803 crede-

459 1859 554 1927 retur,
573 1847 713 1927 ostendit,
732 1848 813 1912 nulla
830 1848 916 1911 buius
932 1846 1032 1930 operis
1048 1847 1224 1909 documenta
1241 1848 1395 1929 praemisit
1408 1868 1464 1911 nec
1480 1867 1514 1909 se
1530 1848 1587 1910 boc

459 1956 604 2018 facturum
621 1974 688 2019 esse
709 1953 954 2036 praecedentibus
974 1953 1155 2016 monstrauit
1174 1953 1331 2035 exemplis.
1363 1953 1475 2017 ldolum
1499 1974 1587 2037 sepe-

458 2062 506 2135 lis,
524 2060 635 2123 idolum
652 2061 778 2144 plangis,
796 2059 907 2123 idolum
924 2060 960 2121 de
975 2058 1130 2142 sepultura
1145 2060 1261 2141 profers
1276 2071 1307 2122 et
1321 2059 1414 2122 miser
1426 2081 1493 2123 oum
1511 2060 1586 2123 baec

458 2167 565 2228 leceris
581 2166 704 2248 gaudes.
738 2166 782 2227 Tu
800 2165 886 2228 deum
902 2175 984 2228 tuum
1000 2165 1121 2241 liberas,
1140 2176 1171 2228 tu
1186 2164 1312 2229 iacentia
1328 2166 1434 2249 lapidis
1450 2168 1586 2229 membra

416 2271 624 2353 tooomponis,
647 2282 679 2333 tu
699 2270 875 2335 insensibile
891 2270 1018 2355 corrigis
1040 2292 1160 2347 saxum,
1184 2270 1238 2333 tibi
1259 2270 1366 2335 babeat
1380 2273 1494 2353 gratias
1510 2273 1585 2337 dous

457 2387 538 2453 tuus,
556 2388 586 2439 te
602 2376 723 2460 paribus
739 2386 912 2439 remuneret
927 2377 1024 2455 donis,
1045 2386 1075 2439 te
1089 2376 1138 2441 sui
1153 2377 1228 2440 uelit
1243 2397 1311 2441 esso
1326 2378 1513 2461 participem,
1538 2380 1585 2441 sic

459 2483 596 2547 moriaris
613 2494 645 2545 ut
660 2484 798 2562 moritur,
809 2483 853 2547 sic
870 2483 957 2547 uiuos
969 2495 1002 2546 ut
1016 2482 1103 2547 uiuit.
1119 2482 1197 2546 Nam
1208 2484 1286 2565 qood
1299 2484 1381 2547 olore
1393 2505 1586 2568 perunguen-

457 2597 507 2652 tur
528 2592 630 2655 lauces
651 2590 717 2672 quis
740 2611 802 2653 uon
824 2589 940 2653 lacinus
961 2589 1040 2653 istud
1063 2589 1202 2673 despecta
1224 2590 1356 2653 uanitate
1371 2592 1586 2674 contempnat?

457 2695 554 2759 Habet
569 2717 641 2779 ergo
658 2697 794 2764 diabolus
809 2694 940 2761 christos
955 2716 1026 2759 suos
1042 2706 1073 2757 ct
1086 2694 1155 2777 quia
1175 2695 1239 2780 ipse
1261 2695 1453 2759 autichristus
1475 2707 1523 2759 est
1545 2697 1583 2759 ad

332 2810 446 2865 rotate
456 2801 606 2863 infamiam
623 2804 628 2893 Ι
641 2803 768 2865 nominis
778 2802 825 2865 sui
836 2802 964 2865 miseros
975 2801 1109 2865 bomincs
1120 2801 1267 2895 scelerata
1278 2804 1421 2866 socictate
1433 2802 1582 2885 perducit.

455 2904 645 2988 Vnguentum
662 2906 717 2970 boo
731 2928 856 2970 reserua
870 2908 1007 2983 mortuis,
1022 2927 1146 2970 reserua
1156 2908 1321 2988 morituris,
1335 2919 1368 2973 ut
1379 2931 1454 2992 quos
1465 2908 1584 2992 laqueis

458 3013 515 3075 tuis
530 3011 644 3094 ceperis
661 3033 713 3076 eos
728 3023 875 3076 uenenato
892 3023 1044 3095 unguento
1059 3012 1167 3078 oblitos
1182 3014 1303 3097 lugubri
1318 3037 1354 3078 ac
1368 3017 1485 3078 lunesto
1501 3035 1582 3078 sem-

344 3137 511 3206 [cpagper
532 3138 648 3200 mergas
672 3116 778 3180 exitio.
809 3117 898 3182 Aliud
920 3127 968 3181 est
988 3129 1172 3200 unguentum
1192 3121 1270 3203 quod
1291 3122 1364 3185 deus
1386 3133 1471 3204 pater
1492 3122 1581 3185 unico

414 3237 429 3286 5
455 3223 578 3286 tradidit
598 3223 671 3301 lilio,
695 3224 771 3306 quod
792 3224 870 3288 lilios
891 3224 1079 3288 credentibus
1100 3224 1199 3288 diuina
1215 3227 1345 3291 numinis
1360 3227 1408 3290 sui
1424 3228 1582 3290 maiestate

456 3331 593 3414 largitur.
627 3331 737 3394 Christi
753 3342 938 3413 unguentum
960 3330 1120 3394 immortali
1142 3332 1359 3414 compositione
1380 3333 1535 3396 coniicitur
1549 3344 1582 3396 et

455 3437 638 3521 spiritalibus
659 3438 876 3522 pigmentorum
899 3436 1040 3501 odoribus
1061 3447 1260 3520 temperatum
1289 3439 1345 3501 boc
1361 3449 1545 3522 unguentum
1562 3461 1581 3502 a

456 3544 629 3606 mortalibus
645 3543 759 3626 laqueis
775 3553 878 3627 putres
894 3543 1045 3606 bominum
1069 3554 1153 3606 artus
1174 3543 1271 3618 exuit,
1295 3556 1328 3606 ut
1344 3544 1460 3628 sepulto
1484 3546 1578 3628 primo

456 3647 576 3710 bomine
592 3669 631 3711 ex
646 3650 748 3712 eodem
765 3649 864 3712 statim
882 3649 1000 3712 bomine
1023 3649 1111 3711 bomo
1134 3647 1210 3712 alius
1230 3649 1345 3713 felicius
1366 3663 1526 3731 nascatur3
1550 3663 1580 3714 et

413 3764 444 3814 10
455 3764 487 3814 ut
503 3751 557 3814 boc
574 3755 758 3818 manifestius
774 3755 943 3838 explicetur
957 3774 1110 3816 sacrarum
1126 3754 1287 3817 lectionum
1299 3777 1407 3819 arcana
1423 3757 1578 3840 pandenda
1688 3782 1690 3807 t

339 3868 534 3936 [psalmsunt.
566 3859 617 3921 Ait
639 3859 716 3922 enim
733 3859 827 3923 Dauid
849 3869 881 3922 ut
903 3858 989 3923 liuius
1011 3861 1153 3943 unguenti
1176 3862 1302 3943 gratiam
1323 3864 1474 3926 traderetz
1496 3857 1578 3946 tspe·
1688 3844 1689 3907 l

401 3942 427 3988 3.

454 4083 611 4155 propterea
631 4070 786 4134 benedixit
806 4071 858 4135 tibi
880 4073 912 4135 io
933 4079 1099 4135 aeternum.
1138 4069 1304 4153 Accingere
1335 4072 1465 4156 gladium
1492 4084 1576 4137 tuum

453 4177 531 4240 circa
553 4179 666 4256 lemur,
698 4177 923 4259 potentissime:
955 4179 1054 4260 specie
1075 4189 1106 4240 et
1126 4176 1346 4262 pulchritudine
1367 4189 1420 4243 tua
1439 4179 1575 4256 intende,
1687 4177 1690 4211 ²

516 4361 854 4446 toAPPrTGptloTG
933 4366 965 4417 10
982 4362 1083 4420 60Τᾶ
1163 4367 1195 4420 12
1208 4365 1336 4430 permittis
1419 4365 1576 4431 18prol'eris

451 4448 485 4500 20
499 4447 578 4499 babet
686 4455 720 4505 22
732 4451 817 4504 *Nam
831 4469 880 4519 quo
894 4453 1000 4504 dolore:
1017 4452 1130 4502 uerbum
1143 4451 1216 4518 quod
1227 4456 1271 4501 est
1283 4453 1339 4501 olor
1352 4467 1410 4500 oum
1424 4453 1467 4500 bic
1478 4452 1536 4500 illio
1548 4455 1578 4500 in

452 4531 530 4582 codd.
551 4537 708 4586 inueniatur
725 4544 833 4589 motare
846 4539 923 4588 nolui
935 4552 1099 4602 quamquam
1112 4540 1283 4603 inpromptu
1297 4543 1359 4588 crat
1368 4538 1485 4587 seribere
1498 4538 1576 4586 odore

451 4618 484 4673 2³
498 4617 613 4685 dispecto
685 4621 716 4672 13
727 4628 790 4687 post
802 4623 833 4672 id
844 4623 918 4688 qood
930 4621 1031 4674 esttibi
1045 4621 1270 4685 interponendum
1282 4621 1394 4672 uidetur
1406 4621 1471 4673 deus

347 3942 413 4074 4¹⁴5]
454 3963 555 4028 ciosus
576 3965 671 4027 forma
695 3984 766 4048 prae
786 3965 855 4028 liliis
871 3965 1037 4042 bominum,
1061 3965 1167 4028 dib'usa
1181 3976 1228 4028 est
1244 3967 1342 4048 gratia
1357 3968 1388 4030 io
1403 3969 1489 4031 labiis
1506 3969 1575 4044 tuis,
1688 4032 1689 4041 ,
