3725 5850
450 816 588 880 dauit=f
574 814 625 878 f.ol
643 812 841 891 2‚170nim
863 814 1029 898 ponendum
1052 833 1121 877 esse
1135 811 1265 875 coniecit
1281 811 1359 895 quod
1374 832 1430 896 ego
1446 812 1576 877 innotis

448 921 618 986 dubitanter
634 920 741 1004 protuli
758 922 895 985 condunt
910 932 941 984 et
954 922 1006 985 sol.
1030 918 1078 999 8⁵,
1094 919 1145 984 8
1136 941 1195 983 raro
1217 918 1295 982 ille
1286 919 1404 982 inuenit
1418 920 1497 1001 quod
1516 940 1576 1003 ego

449 1028 485 1091 de
502 1027 673 1091 coniectura
690 1048 755 1091 meo
776 1027 821 1090 ed
825 1027 875 1090 d
895 1018 1088 1112 dispensato
1111 1027 1197 1113 quod
1216 1027 1372 1090 attulerat
1380 1018 1574 1108 frumento?

447 1136 607 1198 Praeterea
621 1134 709 1197 illei
730 1130 775 1210 ib,
795 1131 833 1194 13
849 1133 1039 1196 scribendum
1055 1152 1123 1197 esse
1139 1143 1257 1196 censet:
1278 1125 1343 1194 ‘ille
1359 1131 1488 1209 colitur,
1513 1132 1575 1195 iste

450 1232 615 1317 odoratur}
647 1239 668 1301 f.
699 1238 743 1317 7³,
775 1237 833 1300 17:
867 1232 959 1301 ‘sieut
987 1239 1020 1301 in
1061 1239 1152 1302 Liuii
1185 1237 1344 1302 annalibus
1377 1230 1575 1315 inuenimus’3

448 1348 471 1411 f.
493 1345 536 1423 8²,
561 1345 599 1410 9:
624 1339 665 1407 ‘is
688 1355 753 1406 erat
775 1344 929 1426 profundis
953 1344 1148 1428 uoraginibus
1172 1336 1359 1420 immensus'3
1390 1345 1412 1405 f.
1440 1340 1506 1422 tr,
1530 1344 1571 1407 2:

444 1448 576 1536 ‘fugiens
600 1472 619 1514 o
642 1450 739 1513 Putre
757 1450 834 1512 Iuno
856 1442 1072 1527 absconditur'3
1097 1448 1280 1525 f.13²,23:
1301 1442 1499 1534 ‘Porphyrius
1522 1451 1577 1513 de-

448 1560 551 1621 fensor
578 1547 754 1630 idolorum'‚
786 1576 862 1638 quae
893 1556 994 1621 omnia
1022 1556 1095 1618 mibi
1122 1555 1240 1639 quidem
1266 1555 1454 1640 ingeniosius
1482 1577 1575 1639 quarn

448 1664 550 1727 uerius
566 1660 705 1725 uidentur
720 1682 787 1725 esse
801 1662 937 1725 inuento.

533 1768 674 1831 Monendi
696 1779 766 1832 sunt
787 1769 914 1852 denique
937 1769 1086 1843 lectores,
1111 1788 1305 1851 quaeeunque
1326 1768 1359 1831 in
1381 1778 1469 1831 textu
1483 1789 1573 1851 quern

448 1886 559 1939 uocant
581 1875 667 1939 buius
694 1876 833 1940 editionis
854 1874 995 1940 cancellis
1016 1886 1120 1959 saepta
1142 1885 1230 1952 sunt,
1257 1884 1311 1937 aut
1332 1874 1444 1938 omissa
1466 1894 1574 1939 essee

448 2004 537 2046 manu
551 1984 645 2067 prima
661 1983 789 2059 eodiois,
807 1982 889 2045 nullo
905 1982 1002 2065 spatio
1018 2002 1113 2044 uacuo
1129 1980 1246 2058 relicto,
1263 1980 1368 2043 antiis
1383 2002 1458 2063 quae
1474 1982 1572 2044 ueteri

447 2088 681 2172 manuscriptae
697 2098 784 2150 erant
799 2087 907 2149 litteris
924 2086 1031 2150 deletis
1054 2108 1179 2150 amano
1193 2086 1363 2151 recentiore
1384 2086 1416 2150 in
1438 2089 1571 2152 oodioem

448 2214 516 2258 esse
527 2192 638 2255 inlata:
656 2192 767 2255 oodiois
779 2193 955 2276 scripturam
972 2191 1021 2254 ubi
1037 2192 1069 2254 in
1081 2191 1161 2255 notis
1174 2194 1253 2255 nude
1265 2193 1363 2278 posita
1373 2205 1438 2273 est,
1455 2194 1493 2257 ab
1504 2195 1571 2259 aliis

449 2298 629 2385 (scaligero,
645 2296 825 2375 Wouwero,
841 2298 1013 2374 Muentero,
1032 2297 1173 2375 Oeblero,
1191 2319 1315 2381 quorum
1331 2301 1451 2364 nomina
1467 2301 1572 2385 singu·
1590 2364 1594 2371 ,

447 2406 484 2471 lis
504 2406 579 2468 loois
602 2402 773 2467 adscribere
793 2402 950 2466 breuitatis
970 2402 1070 2465 studio
1092 2403 1199 2468 duetus
1214 2405 1329 2487 omisi),
1353 2406 1403 2469 ubi
1424 2408 1570 2472 asterisco

447 2514 564 2591 addito,
583 2533 600 2575 a
616 2530 662 2573 me
678 2510 744 2593 ipso
760 2530 829 2573 esse
844 2509 1047 2587 emendatam
1072 2508 1201 2593 sapitum
1217 2532 1292 2592 quae
1306 2524 1416 2576 uocant
1430 2534 1572 2578 numeros

447 2620 478 2684 in
495 2618 628 2703 margine
650 2616 800 2701 adpositos
824 2634 891 2679 esse
912 2615 1050 2679 editionis
1067 2614 1265 2681 Ooblerianae
1285 2640 1362 2703 qnae
1376 2620 1486 2705 prodiit
1499 2620 1569 2705 Lip-

447 2728 512 2791 siae
528 2748 607 2790 anno
623 2724 710 2788 buius
727 2722 840 2787 saeouli
857 2723 1084 2807 quadragesimo
1100 2723 1238 2808 septimo.

1703 4470 1715 5077 i
