3725 5850
336 2088 719 2105 -----
763 2055 840 2136 quod
856 2053 887 2116 in
909 2054 1103 2118 fabricatione
1118 2054 1247 2119 bominis
1261 2054 1440 2119 arcitexru.
1456 2067 1487 2117 1¹.

244 2163 360 2240 effecit,
386 2172 420 2225 nt
435 2170 521 2223 antea
537 2158 679 2237 diximus,
705 2161 812 2225 annuis
827 2162 1010 2245 perditorum
1026 2159 1308 2225 commonitionibus
1325 2163 1375 2241 [ao

245 2265 798 2349 excommunicationibus]specialiter
810 2270 1069 2333 retexendasnnt.
1088 2267 1121 2330 ln
1137 2267 1377 2332 testificationem

245 2374 388 2439 ueritatis
409 2373 574 2436 manifestis
596 2371 761 2435 rationibus
778 2374 1042 2458 exemplorumque
1063 2374 1243 2437 testimoniis
1264 2374 1378 2437 diuina·

247 2483 362 2545 tionem
384 2478 573 2565 probabimus
597 2499 649 2560 per
670 2479 817 2542 diabolum
843 2498 912 2543 esse
934 2480 1087 2544 inuentam
1104 2491 1135 2542 et
1149 2481 1323 2564 perfectam,
1346 2490 1379 2541 nt
1405 2495 1421 2543 5

247 2606 305 2670 per
320 2585 375 2649 boc
391 2586 514 2669 spiritus
530 2585 676 2647 maculata
689 2586 871 2667 cogitatione
884 2605 937 2669 spe
951 2584 1051 2648 fluxae
1061 2585 1222 2663 felicitatis,
1236 2604 1379 2667 peruersa

248 2692 431 2756 discretione
459 2701 647 2773 peruerteret
677 2690 804 2753 miseros
832 2689 969 2753 homines
991 2691 1141 2774 perpetuis
1164 2688 1380 2754 calamitatibus

248 2797 424 2881 implicitos.
459 2796 605 2875 Quattuor
621 2794 767 2859 elementa
783 2815 851 2859 esse
866 2795 1010 2879 principia
1026 2807 1232 2859 creaturarum
1252 2816 1313 2858 non
1335 2795 1380 2857 in·
1390 2810 1425 2878 [o.
1440 2811 1477 2877 t.]

249 2904 375 2969 nenitur
390 2902 440 2986 qui
463 2901 577 2966 dubitet
599 2900 690 2964 idest
711 2900 824 2985 ignem,
848 2922 967 2985 aquam,
993 2922 1095 2966 aerem
1111 2914 1141 2965 et
1157 2914 1280 2967 terram.
1323 2900 1379 2964 Sed
1402 2977 1408 2987 .

251 3011 328 3074 baec
349 3009 497 3071 elementa
517 3007 637 3069 diuersa
657 3017 727 3070 sunt
750 3008 798 3070 uel
819 3008 851 3070 in
869 3019 1017 3092 potestate
1032 3010 1195 3072 contraria.
1228 3009 1261 3072 ln
1277 3025 1422 3075 errorettt

252 3125 323 3180 sunt
338 3117 439 3197 itaque
455 3123 560 3196 gentes
575 3131 650 3195 qnae
666 3133 733 3176 cnm
754 3112 910 3177 clementis
927 3113 1061 3178 tribuant
1074 3116 1270 3200 principatum
1287 3114 1382 3177 adbuc

253 3225 399 3306 deputant
413 3223 535 3283 aethera
552 3219 636 3302 qnasi
652 3237 798 3282 sommum
816 3220 913 3293 deum,
941 3222 1023 3302 quasi
1039 3233 1140 3285 cetera
1157 3243 1197 3286 ex
1212 3223 1276 3305 ipso
1292 3217 1380 3283 babe-

253 3340 306 3393 ant
330 3327 526 3392 substantiam
548 3326 659 3402 calore,
685 3324 854 3389 nescientes
877 3326 955 3408 quod
975 3327 1074 3391 omnia
1097 3329 1245 3391 elementa
1263 3348 1303 3389 ex
1318 3328 1381 3408 ipsa

255 3434 318 3498 sint
338 3453 391 3496 sua
415 3431 629 3495 contrarietate
644 3431 802 3495 coniuncta
818 3442 848 3495 et
863 3433 940 3514 qnod
956 3434 1064 3516 etipsa
1081 3432 1211 3496 babeant
1224 3432 1384 3495 fabricato-

256 3561 321 3604 rem
338 3539 435 3615 deum,
459 3538 509 3621 qui
531 3538 649 3620 singula
671 3538 733 3602 suis
749 3538 823 3601 locis
839 3539 1052 3621 ordinibusque
1066 3540 1253 3602 constituens
1268 3536 1424 3605 creauitls

257 3646 333 3729 quod
355 3656 405 3708 aut
426 3655 525 3707 mente
547 3655 597 3707 aut
617 3643 798 3728 cogitatione
820 3643 986 3727 colligimus
1008 3656 1060 3707 ant
1081 3656 1164 3707 certe
1187 3646 1264 3727 quod
1288 3643 1382 3707 oeulis

257 3751 408 3814 cernimus
424 3751 523 3812 diuina
540 3750 624 3813 uerbi
640 3751 686 3813 sni
701 3751 844 3814 societate
859 3751 1068 3834 compositum,
1083 3761 1207 3833 aequata
1222 3771 1382 3834 corporum

258 3856 464 3920 moderatione
479 3856 511 3919 in
527 3854 584 3918 boo
598 3866 673 3918 toto.

344 3962 472 4047 Aegypti
487 3963 606 4026 incolae
621 3982 764 4044 aquarum
780 3961 922 4025 beneficia
939 3962 1138 4047 percipientes
1149 3983 1255 4046 aquam
1267 3963 1381 4039 colunt,
1393 3975 1427 4042 [o.
1440 3974 1478 4041 2]

260 4070 343 4152 aquis
359 4071 537 4153 supplicant,
555 4087 648 4151 aquas
664 4067 872 4151 superstitiosa
888 4078 1026 4132 uotorum
1047 4069 1271 4132 continuatione
1292 4086 1425 4135 nene-20

161 4207 162 4214 κ
261 4187 375 4238 rantur.
407 4175 464 4238 Sed
487 4175 518 4237 in
542 4173 636 4238 sacris
660 4174 722 4237 suis
745 4191 820 4254 quae
841 4175 987 4257 mysteria
1008 4187 1120 4239 uocant
1140 4175 1253 4238 addunt
1271 4172 1385 4256 tragica

261 4282 365 4345 lunera
378 4293 409 4344 et
423 4284 540 4345 funesta
553 4279 730 4343 calamitatis
746 4279 922 4342 metuendae
934 4282 1116 4344 certaminaz
1136 4280 1140 4368 l
1156 4283 1302 4344 incestum
1316 4301 1383 4344 cum
1393 4288 1450 4340 Fot.
1463 4286 1495 4339 lb.

331 4489 344 4537 t
357 4487 483 4552 Jortosse
496 4499 562 4552 qnae
671 4487 687 4540 2
706 4500 736 4536 ac
749 4501 806 4536 exc.
820 4501 918 4536 monus
930 4501 1030 4550 recens,
1043 4486 1183 4536 ueteribus
1195 4486 1296 4536 littam
1305 4502 1385 4552 pror-

164 4575 176 4598 *
263 4587 309 4622 sus
325 4570 435 4620 deletis:
456 4571 504 4622 sed
521 4575 643 4639 spatium
662 4572 771 4622 breuius
790 4571 903 4636 indicat,
923 4584 941 4620 a
959 4586 1041 4621 manu
1053 4576 1145 4620 uetere
1157 4570 1213 4621 aliu
1227 4571 1272 4622 blo
1283 4575 1387 4638 scriptu

258 4660 353 4720 fluisse.
441 4656 457 4706 8
470 4671 519 4706 non
533 4671 586 4707 om.
602 4683 633 4693 -
646 4655 787 4706 l'inueniri
877 4655 909 4709 te
921 4653 938 4688 *⁶
948 4657 1074 4722 deputant
1086 4660 1127 4707 nt:
1145 4671 1243 4708 manus
1255 4671 1345 4708 recem
1357 4659 1386 4706 in

264 4745 384 4810 margine
396 4741 506 4792 addidit
517 4741 601 4805 ignem
724 4742 755 4793 ll
775 4748 869 4808 equata
995 4741 1026 4794 tt
1044 4741 1069 4792 in
1083 4742 1130 4793 boo
1143 4742 1202 4793 loco

1165 4829 1175 4879 l
