3725 5850
1030 689 1063 740 lV

481 862 655 946 complexus
676 881 741 925 sum
765 862 891 943 dumque
921 860 1056 923 ultimum
1080 861 1208 925 emisero
1232 861 1367 944 spiritum
1390 880 1508 944 semper
1528 880 1607 922 com-

481 970 604 1053 plectar,
622 967 768 1031 beneuole
783 966 911 1049 accipias
927 968 973 1029 Tc
986 980 1124 1051 rogatum
1141 988 1210 1031 esse
1227 968 1307 1031 uolo.

568 1076 671 1138 Codex
687 1075 816 1156 quidem,
835 1074 885 1156 qui
901 1076 985 1139 solus
1001 1075 1096 1148 hunos
1110 1074 1240 1139 libellum
1255 1073 1340 1137 nohis
1352 1072 1499 1145 seruauit,
1517 1092 1609 1133 mem-

482 1184 649 1247 branaceus
661 1183 772 1244 lormac
780 1192 904 1263 quartae
917 1181 1042 1243 minoris
1058 1203 1145 1262 quam
1161 1181 1274 1259 dicunt,
1289 1180 1409 1243 saeculo
1419 1180 1450 1241 X
1464 1179 1608 1261 scriptus,

484 1312 561 1353 nunc
576 1296 694 1351 constat
710 1286 788 1349 loliis
804 1284 866 1362 36,
892 1308 1020 1367 qnorum
1036 1286 1138 1369 priora
1153 1284 1193 1349 33
1210 1286 1332 1348 Firmici
1348 1286 1522 1369 opusculum
1539 1305 1610 1347 con-

482 1396 599 1470 tinent,
618 1392 677 1469 34,
696 1389 736 1451 35
754 1402 784 1453 et
799 1389 860 1470 36,
877 1393 908 1454 in
925 1414 984 1473 quo
1001 1413 1079 1455 nunc
1095 1391 1205 1454 desinit
1221 1393 1337 1468 codex,
1356 1392 1451 1475 capita
1466 1382 1610 1474 quaedam

482 1500 634 1581 (rr-27
664 1518 757 1579 usque
785 1498 822 1561 ad
845 1498 956 1561 uerba:
984 1492 1162 1561 ‘obseruare
1191 1508 1411 1579 consequenter
1438 1490 1610 1579 nouerant')

483 1609 552 1672 libri
568 1605 673 1669 decimi
690 1603 945 1687 recognitionum,
970 1624 1045 1686 quae
1067 1605 1156 1688 uolgo
1172 1604 1203 1667 S.
1223 1604 1369 1667 Clementi
1385 1604 1517 1666 Romano
1535 1604 1611 1666 falso

484 1712 710 1788 adscribuntur,
741 1710 886 1774 alluhno
911 1712 1088 1796 presbytero
1111 1711 1294 1794 Aquileiensi
1325 1711 1416 1773 latine
1439 1730 1608 1788 uersarum,
1717 1721 1719 1746 ⁴

485 1820 564 1883 omni
581 1817 776 1901 inscriptione
792 1818 946 1893 carentia,
970 1819 1022 1881 sed
1045 1820 1147 1901 paucis
1163 1818 1265 1882 uerbis
1280 1816 1387 1899 quibus
1403 1826 1611 1899 argumentum

483 1948 558 2009 quae
581 1933 713 1987 tractant
732 1934 897 1986 excusatur
912 1926 1105 2007 praemissis,
1134 1947 1210 2007 qnae
1232 1925 1297 2010 ipsa
1320 1942 1436 2006 quoque
1460 1921 1508 1983 hic
1524 1943 1611 2005 repe·
1718 1981 1719 2008 ,

484 2033 573 2097 tenda
584 2032 668 2094 duxi.
692 2031 731 2092 Et
746 2050 880 2093 mancum
890 2032 1005 2112 quidem
1019 2052 1087 2097 esse
1099 2033 1231 2096 codicem
1247 2031 1341 2115 primo
1353 2030 1453 2093 statim
1471 2029 1611 2111 adspectu

485 2140 572 2203 lacile
593 2139 733 2219 adparet;
759 2136 985 2217 quaternionum
1007 2149 1105 2202 autem
1129 2160 1202 2220 quos
1226 2138 1327 2200 dicunt
1348 2156 1490 2199 numerus
1512 2136 1611 2211 docet,
1718 2173 1720 2200 l

486 2253 626 2326 quattuor
647 2241 717 2303 lolia
738 2242 825 2324 primi
850 2244 1056 2323 quaternionis
1077 2244 1223 2326 periisse,
1256 2263 1381 2324 quorum
1404 2242 1463 2305 tria
1487 2252 1557 2304 aute
1583 2239 1613 2300 id

485 2350 562 2431 quod
585 2369 664 2410 nuuc
688 2347 832 2430 primum,
859 2370 950 2411 uutrm
973 2360 1042 2412 ante
1062 2351 1091 2411 id
1107 2351 1186 2431 quod
1201 2371 1281 2411 nunc
1296 2349 1431 2429 quintum
1447 2358 1495 2410 est
1510 2346 1612 2409 lolium

486 2455 583 2539 posita
605 2454 698 2517 luisse
714 2455 862 2537 suspicor.
895 2455 967 2517 Post
984 2456 1035 2517 lol.
1054 2452 1097 2516 36
1118 2467 1189 2537 quot
1211 2454 1281 2517 lolia
1305 2454 1474 2516 exciderint
1490 2472 1613 2535 prorsus
1708 2470 1711 2475 ’

485 2562 631 2624 incertum
649 2570 714 2623 est:
735 2560 883 2623 excidisse
907 2562 1051 2643 quaedam
1067 2583 1104 2623 eo
1119 2572 1261 2644 apparet,
1287 2560 1364 2643 quod
1388 2568 1455 2643 post
1468 2557 1520 2621 illa
1537 2577 1614 2639 quae

485 2668 590 2731 ultima
613 2687 680 2729 esse
703 2688 792 2750 supra
818 2668 881 2730 dixi
902 2668 995 2730 uerba
1013 2661 1191 2731 ‘obseruare
1213 2676 1430 2749 cousequenter
1455 2656 1615 2725 noueraut‘

485 2775 612 2838 aliorum
639 2774 728 2835 etiam
757 2774 967 2837 nonnullorum
990 2774 1212 2859 conspiciuntur
1233 2774 1379 2855 uestigia,
1412 2790 1487 2853 quae
1514 2778 1613 2831 mmen

487 2889 634 2942 uetustate
650 2879 691 2940 ita
706 2879 803 2941 deleta
825 2891 913 2958 sunt,
940 2891 974 2944 ut
996 2882 1069 2945 nihil
1091 2883 1211 2946 omnino
1234 2902 1276 2945 ex
1290 2881 1327 2943 iis
1343 2877 1489 2961 dispicere
1506 2874 1611 2938 liceat:

487 2985 564 3067 quod
582 2995 702 3067 praeter
718 2983 820 3046 lolium
837 2982 899 3047 36b
923 2986 995 3064 (hoc
1012 2999 1058 3050 est
1072 2993 1228 3064 auersum)
1244 2989 1354 3048 lactum
1369 2995 1417 3048 est
1432 2984 1521 3046 etiam
1537 2980 1614 3043 haud
1717 2990 1718 3065 ζ

489 3091 589 3172 paucis
604 3089 635 3150 in
653 3089 725 3151 locis
742 3088 805 3152 lolii
824 3089 858 3152 1³
874 3101 904 3153 et
919 3090 977 3153 5³:
995 3092 1042 3154 hic
1064 3093 1125 3155 illic
1141 3092 1231 3155 etiam
1247 3111 1352 3154 manus
1367 3090 1497 3171 quinque
1510 3109 1615 3152 saecu-

486 3196 523 3258 lis
538 3207 570 3258 ut
586 3196 703 3257 uidetur
718 3195 869 3257 recentior
884 3195 942 3258 alia
958 3196 990 3259 in
1006 3197 1101 3261 locum
1119 3199 1230 3262 ueteris
1246 3197 1411 3280 scriptume
1426 3194 1590 3259 substituit.

573 3303 617 3364 Ad
633 3302 871 3386 recognitionum
887 3304 994 3384 capita,
1013 3306 1134 3386 quaein
1150 3306 1253 3367 codicc
1266 3303 1400 3368 Palatino
1416 3313 1537 3365 exstare
1549 3299 1613 3362 dixi

487 3430 622 3492 quaeque
645 3431 710 3472 cum
733 3409 769 3472 ad
793 3409 1004 3494 mythologiam
1021 3411 1166 3474 Graecam
1188 3411 1306 3494 penitus
1328 3407 1518 3472 hauriendam
1535 3406 1612 3470 haud

486 3515 562 3578 leuis
593 3515 734 3579 momenti
758 3535 825 3578 esse
854 3515 1031 3580 uiderentur
1051 3518 1283 3582 additamentum
1313 3517 1400 3580 huius
1422 3514 1513 3576 libelli
1535 3511 1614 3574 haud

487 3621 635 3702 ingratum
659 3621 817 3706 philologis
846 3624 908 3685 lore
929 3635 1012 3688 ratus
1035 3648 1117 3704 snm,
1149 3627 1185 3687 ad
1208 3625 1259 3687 illa
1288 3624 1407 3705 iuquam
1428 3619 1613 3683 recensenda
1717 3635 1719 3641 ·

487 3737 606 3809 praeter
622 3727 751 3790 codicem
764 3729 942 3806 Palatinum,
960 3753 1044 3812 quem
1062 3733 1161 3795 littera
1173 3731 1196 3794 P
1208 3731 1326 3815 signaui
1341 3751 1415 3794 usus
1428 3749 1493 3792 sum
1510 3723 1612 3788 codice

486 3831 682 3895 bibliothecae
705 3833 859 3897 Paullinae
881 3835 1046 3919 Lipsiensis
1071 3838 1122 3920 qui
1144 3859 1299 3901 nnmerum
1325 3833 1385 3898 lllll
1406 3833 1614 3918 praesefert

488 3938 619 4021 (siguaui
631 3939 685 4020 L),
709 3940 881 4003 saeculoXl
897 3943 927 4004 in
943 3943 1114 4006 membrana
1136 3943 1260 4024 scripto.
1288 3943 1415 4005 Constat
1427 3942 1453 4004 is
1468 3937 1613 4013 loliis84,

488 4066 613 4128 quorum
630 4043 672 4107 82
688 4044 842 4108 continent
857 4049 1078 4130 recognitiones
1087 4047 1402 4111 Pseudoclementinas
1417 4065 1492 4126 quae
1508 4043 1615 4107 inscri-

478 4153 611 4215 buntur:
626 4145 747 4234 ‘lucipit
761 4152 902 4234 prologus
916 4153 947 4214 in
963 4154 1069 4217 librum
1082 4156 1175 4218 sancti
1191 4152 1345 4215 clementis
1357 4168 1449 4234 papae
1462 4152 1544 4232 (sic.-
1562 4153 1614 4234 pp)

488 4269 518 4318 ot
531 4257 667 4340 magistri
683 4260 761 4338 (sice
777 4257 836 4340 mr)
862 4258 943 4323 urhis
959 4253 1064 4336 rome',
1090 4260 1192 4321 lolium
1207 4257 1248 4321 83
1265 4269 1295 4320 et
1309 4256 1387 4338 quod
1402 4255 1537 4335 sequitur
1553 4257 1614 4338 epi·

486 4363 592 4424 stulam
603 4363 787 4427 llathrammi
803 4365 839 4428 ad
850 4365 1032 4429 llimhertnm
1046 4367 1266 4452 presbyterum,
1284 4385 1341 4445 qua
1353 4361 1472 4445 prolixe
1488 4361 1613 4445 exponi·

487 4476 535 4528 tur
550 4466 586 4528 de
602 4470 783 4552 cenophalis,
803 4481 835 4534 ut
850 4472 957 4554 ubique
978 4473 1118 4554 scriptum
1136 4480 1250 4548 exstat,
1268 4469 1316 4552 qui
1331 4469 1410 4532 haud
1426 4468 1528 4531 dubito
1544 4468 1614 4550 quin

486 4569 673 4654 intelligendi
689 4577 750 4639 sint
765 4578 971 4660 cynocephali,
995 4578 1031 4638 de
1047 4576 1152 4656 quihus
1168 4578 1207 4639 cl.
1226 4576 1353 4639 Aristot.
1373 4575 1442 4639 hist.
1462 4575 1553 4638 anim.
1572 4573 1610 4651 ll,

486 4677 505 4739 5
523 4688 554 4739 et
570 4678 686 4742 Ctesias
706 4682 828 4764 (lragm.
848 4683 900 4757 57,
919 4680 962 4742 20
977 4681 1024 4744 cd.
1042 4682 1199 4766 Mueller.)
1214 4705 1302 4766 quem
1318 4683 1480 4768 exscripsit
1494 4681 1610 4746 helian.
