3725 5850
1049 686 1071 756 2

496 887 601 931 sorore
623 865 860 948 adulteriumque
883 867 1076 930 commissum
1099 878 1129 931 et
1152 869 1208 931 boe
1234 867 1349 932 facinus
1378 870 1493 933 seueris
1521 873 1624 936 mariti

453 997 455 1003 ¹
495 972 803 1037 animaduersionibus
819 971 1009 1035 uindicatum.
1035 972 1090 1036 lsis
1105 994 1193 1036 soror
1207 985 1266 1051 est,
1281 972 1387 1058 Osyris
1404 977 1508 1054 frater,
1520 978 1625 1061 Tylen

495 1080 630 1143 maritus.
663 1077 691 1141 ls
708 1099 773 1141 eum
790 1080 985 1160 comperisset
1001 1079 1106 1143 laidem
1122 1100 1248 1142 uxorem
1266 1080 1388 1143 incestis
1411 1080 1513 1147 fratris
1536 1088 1625 1169 eupi-

455 1190 470 1240 5
494 1186 634 1249 ditatibus
650 1204 718 1249 esse
734 1195 917 1267 corruptam,
940 1185 1046 1247 neeidit
1062 1185 1180 1269 Osyrim
1197 1186 1398 1268 artuatimque
1421 1185 1568 1256 laeerauit
1591 1203 1625 1254 et

492 1311 545 1376 per
567 1312 671 1355 omnes
685 1291 745 1354 Nili
768 1290 897 1353 fluminis
919 1291 1000 1373 ripas
1021 1292 1121 1355 miseri
1140 1292 1273 1376 eorporis
1298 1292 1471 1375 palpitantia
1486 1296 1623 1360 membra

491 1398 629 1481 proiecit.
654 1398 711 1459 lsis
726 1396 880 1477 repudiato
895 1396 1012 1480 Tyfona
1027 1407 1060 1459 ut
1075 1408 1106 1459 et
1120 1399 1241 1461 fratrem
1258 1398 1401 1481 sepeliret
1416 1411 1447 1461 et
1461 1402 1622 1484 reniugem

490 1504 623 1566 adhibuit
638 1503 694 1565 sibi
709 1501 877 1586 Nephthum
892 1522 1029 1565 sororem
1046 1502 1156 1566 sueiam
1174 1514 1204 1566 et
1218 1503 1347 1566 Anubim
1364 1516 1552 1583 uenatorem,
1570 1509 1621 1571 eui

489 1610 557 1673 ideo
573 1609 709 1672 caninum
727 1617 814 1691 eaput
829 1608 989 1691 inpositum
1006 1618 1063 1686 est,
1078 1609 1146 1691 quia
1162 1610 1286 1673 lacerati
1302 1610 1437 1693 eorporis
1453 1622 1554 1693 partes
1568 1635 1621 1675 ar-

449 1721 480 1772 10
490 1715 581 1780 tilleio
597 1716 680 1779 uanis
698 1714 874 1797 uestigantis
890 1714 1018 1778 inuenit.
1051 1714 1100 1776 Sie
1115 1716 1271 1778 inuentum
1288 1714 1407 1799 Osyrim
1424 1716 1479 1779 lsis
1495 1719 1621 1783 tradidit

489 1823 671 1906 sepulturae.
703 1820 839 1884 Fuerunt
860 1841 933 1884 sane
956 1819 985 1883 hi
1006 1829 1078 1905 aput
1091 1819 1258 1904 Aegyptum
1283 1840 1371 1902 reges
1393 1822 1555 1904 pariterue
1570 1838 1619 1911 ty-

488 1928 592 1992 ranni:
617 1930 668 1992 sed
686 1928 791 2013 Osyris
805 1929 904 1993 iustus
920 1937 1041 2011 praeter
1055 1927 1221 2009 illud-qnod
1238 1946 1303 1987 eum
1326 1947 1431 1991 sorore
1453 1932 1615 2006 cummisit,

488 2036 585 2118 Tyfuu
602 2035 745 2114 furiosus,
763 2035 911 2117 impotens
928 2054 964 2096 ae
979 2032 1144 2115 superbus:
1164 2030 1232 2093 ideo
1247 2031 1298 2093 ille
1314 2031 1433 2109 celitur,
1456 2035 1516 2099 iste
1538 2040 1617 2101 nita-

488 2150 547 2203 tur.
581 2141 661 2203 llaee
678 2149 725 2203 est
741 2139 824 2202 lsiaei
841 2138 921 2202 sacri
936 2159 1068 2201 summa:
1089 2138 1120 2199 in
1136 2137 1234 2222 adytis
1254 2136 1364 2200 babent
1382 2139 1494 2205 idolum
1510 2142 1615 2229 Osyri-

446 2250 477 2301 ¹5
487 2245 533 2309 dis
548 2246 714 2328 sepultum,
735 2245 791 2307 boe
806 2244 913 2308 annuis
929 2243 1057 2307 luctibus
1073 2242 1235 2325 plangunt,
1253 2244 1363 2306 radunt
1378 2246 1494 2329 capita,
1511 2261 1543 2313 ut
1558 2252 1614 2312 mi.

485 2351 646 2415 serendum
662 2372 762 2414 casum
780 2350 860 2433 regis
876 2350 922 2411 sui
938 2347 1120 2431 turpitudine
1135 2347 1323 2412 dehonestati
1346 2351 1475 2417 defleant
1492 2357 1610 2440 eapitis,

485 2457 612 2519 tundunt
625 2468 749 2541 peetus,
774 2457 906 2520 lacerant
920 2456 1067 2532 lacertos,
1091 2464 1227 2517 ueterum
1245 2456 1400 2520 uulnerum
1417 2472 1556 2523 resecant
1570 2464 1612 2526 ei-

485 2562 631 2636 catrices,
660 2574 693 2625 ut
710 2563 819 2626 annuis
835 2562 961 2625 luctibus
976 2562 1008 2624 in
1024 2561 1131 2624 animis
1147 2580 1249 2624 eorum
1266 2562 1401 2626 funestae
1417 2586 1452 2629 ae
1465 2566 1612 2631 miseran·

484 2670 538 2734 dae
554 2671 636 2735 neeis
653 2672 778 2735 exitium
793 2680 991 2734 renascatur:
1017 2679 1047 2730 et
1062 2689 1127 2730 eum
1144 2668 1216 2731 haee
1231 2667 1322 2731 eertis
1344 2668 1449 2734 diebus
1472 2674 1610 2754 fecerint,

439 2781 473 2832 20
484 2788 554 2841 tune
568 2778 684 2861 lingunt
698 2797 732 2842 se
747 2777 871 2842 lacerati
887 2775 1024 2860 eorporis
1039 2774 1183 2857 reliquias
1200 2774 1359 2855 [inuenire]
1383 2787 1414 2839 et
1435 2799 1500 2840 eum
1523 2779 1611 2843 inue-

482 2883 583 2946 nerint
599 2882 684 2965 quasi
700 2882 804 2965 sopitis
821 2883 950 2946 luctibus
965 2881 1108 2965 gaudent.
1142 2880 1165 2944 0
1182 2881 1289 2944 misera
1310 2891 1341 2944 et
1364 2884 1476 2947 eaduea
1497 2896 1611 2950 morta·

481 2990 566 3052 litasl
596 3001 629 3051 ut
650 2987 769 3070 regibus
791 2989 849 3051 tuis
872 3007 1035 3070 perennes
1054 2987 1188 3070 singulos
1204 2987 1336 3052 funestas
1352 2988 1455 3055 mittas
1470 2991 1607 3070 inferias,

481 3096 620 3177 neglecto
636 3093 691 3157 deo
707 3113 821 3155 summo
838 3093 887 3174 qui
904 3093 1003 3157 omnia
1018 3093 1118 3155 diuina
1134 3091 1254 3155 artificii
1269 3094 1473 3158 moderatione
1489 3117 1609 3181 eompu-

481 3195 541 3264 suit
556 3210 586 3262 et
600 3220 683 3282 spem
699 3209 780 3261 tuam
797 3198 895 3281 perdis
912 3211 943 3262 et
957 3200 1060 3276 uitam,
1078 3220 1135 3262 nee
1149 3198 1263 3264 ostensi
1288 3198 1341 3264 tibi
1362 3201 1484 3264 luminis
1506 3202 1608 3288 splen-

368 3318 420 3372 l'ot.
432 3323 470 3374 2¹.
481 3307 552 3369 dore
561 3305 721 3389 corrigeris
738 3327 792 3367 nee
807 3319 811 3387 t
826 3317 1021 3389 recuperatae
1032 3300 1307 3387 libertatisquaeris
1318 3306 1448 3390 insignia
1461 3329 1516 3371 nee
1524 3329 1606 3392 spem

479 3411 612 3475 redditae
628 3412 680 3475 tibi
696 3411 801 3475 salutis
817 3411 957 3495 agnoseis
973 3431 1028 3473 nee
1044 3431 1084 3473 ex
1101 3412 1282 3494 poenitentia
1299 3415 1525 3496 praeteritorum
1548 3418 1606 3478 eri-

461 3541 462 3546 *
479 3519 588 3580 minum
605 3518 819 3602 indulgentiam
837 3519 981 3602 postulas.
1009 3519 1132 3583 Frustra
1147 3519 1199 3582 tibi
1216 3520 1292 3582 bane
1307 3540 1413 3601 aquam
1425 3541 1513 3602 quam
1530 3522 1605 3586 eolis

479 3635 564 3707 putas
581 3625 738 3706 aliquando
755 3627 916 3707 prodesse:
943 3625 1002 3688 alia
1017 3636 1065 3689 est
1078 3646 1155 3708 aqua
1170 3646 1228 3708 qua
1245 3626 1381 3690 renouati
1399 3625 1533 3691 homines
1556 3647 1605 3689 re-

439 3729 454 3778 5
479 3741 651 3794 nascantur.
671 3730 755 3792 Hane
771 3750 875 3812 aquam
893 3751 980 3812 quam
996 3732 1070 3796 eolis
1087 3753 1140 3816 per
1155 3754 1250 3796 annos
1265 3732 1401 3818 singulos
1417 3734 1463 3796 uis
1479 3734 1535 3796 alia
1552 3735 1604 3796 de-

478 3838 571 3900 coetis
587 3857 732 3899 uenarum
748 3836 893 3899 meatibus
909 3837 1003 3900 sieeat
1017 3849 1158 3902 auteerte
1173 3840 1311 3903 funestus
1327 3840 1408 3924 regis
1422 3841 1463 3904 tui
1479 3841 1603 3924 sanguis

476 3942 654 4006 inmaeulat:
680 3940 729 4004 illa
751 3963 837 4024 quam
861 3941 988 4025 despieis
1009 3943 1104 4026 ignita
1127 3945 1290 4007 uenerandi
1307 3945 1431 4028 spiritus
1448 3947 1603 4010 maiestate

476 4052 645 4126 decoratur,
668 4059 700 4111 ut
715 4069 755 4111 ex
778 4048 841 4130 ipsa
865 4069 917 4131 per
933 4061 1051 4112 ueteres
1067 4049 1270 4114 eonscientiae
1285 4051 1439 4112 eieatriees
1454 4052 1603 4113 eredenti·

473 4157 529 4222 bus
546 4155 713 4222 bominibus
729 4153 870 4217 salutaris
886 4155 1000 4219 sanitas
1015 4155 1173 4238 inrigetur.
1205 4157 1263 4218 Sed
1285 4155 1316 4217 in
1340 4154 1385 4218 bis
1401 4153 1555 4217 funeribus
1571 4168 1602 4219 et

433 4262 602 4327 luluutibus
618 4283 693 4345 quae
715 4281 789 4325 uera
811 4271 883 4324 sunt
906 4263 1029 4341 funera,
1054 4281 1130 4343 qnae
1147 4262 1330 4336 factasunt,
1355 4280 1480 4341 quornm
1496 4271 1602 4324 extant

539 4467 556 4517 8
573 4463 699 4533 Neptbnm
713 4495 747 4504 -
760 4468 850 4518 Anube
963 4467 990 4518 ll
1011 4463 1141 4514 l'fuerant
1252 4465 1284 4515 lb
1303 4465 1427 4515 defleant.
1441 4466 1528 4532 nepita
1542 4473 1599 4515 tnn-

471 4552 535 4602 dnnt
679 4554 711 4605 te
730 4555 777 4605 bea
918 4552 952 4602 2⁰
970 4549 1089 4600 inuenire
1102 4563 1169 4598 ema
1182 4563 1255 4600 maa.
1270 4564 1325 4599 ree.
1340 4549 1598 4616 adda'dt't*reperire

468 4638 502 4693 23
522 4636 616 4687 artiflei
739 4640 751 4690 1
773 4642 926 4703 recuperata
1052 4633 1070 4683 2
1086 4632 1189 4684 reddite
1204 4661 1235 4672 —
1246 4651 1305 4701 pen.
1319 4643 1387 4702 pret.
1512 4638 1527 4688 t
1547 4637 1595 4702 qni

470 4723 485 4774 t
504 4722 551 4773 illi
563 4749 596 4760 -
610 4721 717 4788 dispieis
731 4722 812 4784 ignita
942 4717 974 4768 10
992 4718 1094 4768 *uerae

1704 1048 1711 1408 l
