3725 5850
1003 678 1049 751 ll

462 1082 581 1165 estqui
604 1080 712 1165 eripiat
733 1081 769 1143 de
798 1076 935 1141 manibus
955 1068 1053 1140 meis?
1090 1077 1123 1138 ln
1145 1072 1316 1160 apocalypsi
1331 1075 1422 1138 etiam
1438 1074 1494 1137 boc
1508 1075 1604 1137 idem

420 1199 454 1251 20
463 1199 565 1253 sancta
585 1187 768 1251 reuelatione
790 1193 994 1261 monebatur,
1032 1182 1074 1245 ita
1096 1182 1174 1245 enim
1201 1181 1344 1265 scriptum
1367 1191 1433 1244 est:
1461 1176 1507 1243 ‘ct
1530 1183 1601 1245 uidi
1706 1181 1707 1192 ¹

351 1288 386 1354 [0-
402 1290 444 1352 ts,
462 1296 551 1359 alium
568 1295 706 1377 angelum
722 1293 872 1357 uolantem
890 1289 999 1353 medio·
1010 1289 1095 1352 caelo
1114 1288 1270 1351 habentem
1286 1288 1474 1371 euangelium
1490 1299 1599 1351 aeter-

382 1373 420 1423 sq.
463 1422 546 1477 num,
573 1411 605 1463 nt
626 1398 818 1462 adnuntiaret
833 1406 1049 1479 superterram
1065 1416 1118 1478 per
1132 1412 1236 1456 omnes
1252 1393 1388 1456 nationes
1403 1403 1435 1457 et
1449 1394 1544 1459 tribus
1560 1407 1597 1457 et

461 1505 580 1589 linguas
601 1516 632 1567 et
653 1503 795 1587 populos,
818 1503 965 1566 dicentem
988 1522 1062 1565 noce
1082 1520 1211 1582 magna:
1236 1500 1360 1562 metuite
1381 1500 1479 1582 potins
1494 1501 1594 1565 domi·

353 873 435 939 [tear.
463 870 613 935 insinuet:
634 864 761 947 ‘uidete,
780 868 879 932 uidete
894 866 962 949 quia
978 884 1036 948 ego
1051 886 1117 928 snm
1131 874 1233 928 ctuon
1244 874 1293 928 est
1304 864 1377 927 deus
1389 872 1512 946 praeter
1523 884 1576 926 me
1594 895 1604 923 ι
1705 837 1706 878 i

343 943 386 1006 π’
414 943 439 993 9'
464 997 520 1062 ego
542 976 711 1039 interimam
734 986 764 1039 et
786 973 890 1037 uiuere
911 972 1029 1050 famam,
1054 972 1217 1055 percutiam
1233 982 1264 1033 et
1277 990 1335 1053 ego
1355 968 1467 1034 sanabo
1483 980 1514 1032 ct
1530 990 1606 1032 non

462 1632 530 1675 num
548 1621 579 1672 et
594 1611 662 1673 date
677 1609 720 1673 illi
736 1608 912 1683 claritatem,
931 1606 1070 1689 quoniam
1087 1607 1171 1670 uenit
1185 1606 1258 1670 bora
1273 1605 1376 1669 iudicii
1391 1606 1457 1671 eins
1472 1616 1504 1668 et
1517 1608 1593 1670 ado·
1691 1594 1698 1608 ’

420 1728 528 1791 carate
550 1736 618 1780 enm
637 1715 687 1799 qni
703 1714 775 1777 lecit
790 1714 905 1778 caelum
920 1724 953 1779 et
966 1725 1091 1789 terram,
1115 1732 1198 1775 mare
1220 1724 1251 1775 et
1270 1712 1372 1775 omnia
1393 1733 1470 1794 quae
1491 1712 1522 1774 in
1544 1713 1592 1777 eis
1707 1805 1708 1808 Ἴ

338 1838 451 1892 Fatela
464 1814 553 1887 sunt.'
574 1823 579 1906 Ι
606 1821 748 1885 Dominus
763 1841 879 1904 quoqne
894 1831 999 1886 noster
1014 1820 1099 1882 lesus
1116 1817 1256 1882 Christus
1271 1828 1395 1902 paterna
1412 1818 1486 1902 legis
1501 1818 1593 1883 insti·

340 1906 527 2027 matuta
543 1927 712 1992 custodiens
735 1926 791 1990 boc
811 1926 889 1990 idem
912 1925 1085 1990 ueneranda
1100 1923 1314 1987 constitutione
1337 1924 1523 2007 promulgat,
1548 1926 1594 1989 ait

343 2013 392 2105 31’;
418 2035 564 2097 etenim:
584 2028 667 2097 ‘audi
692 2034 802 2098 lsracla
827 2032 965 2095 dominus
986 2033 1059 2095 deus
1086 2040 1155 2094 tuus
1177 2030 1251 2093 deus
1274 2049 1352 2093 unus
1373 2039 1441 2107 est,
1469 2040 1501 2092 et
1522 2030 1593 2094 dili-

339 2111 455 2248 ἕᾷὴιὲἲ
465 2159 518 2222 ges
534 2140 684 2204 dominum
700 2139 787 2201 deum
803 2148 885 2202 tuum
901 2138 938 2200 de
953 2148 1018 2200 toto
1032 2137 1188 2200 cordetuo
1204 2147 1234 2198 et
1249 2137 1286 2199 de
1300 2146 1362 2199 tota
1379 2136 1478 2197 anima
1494 2147 1544 2199 tna
1560 2147 1594 2198 et

425 2260 440 2309 a
465 2246 501 2307 de
523 2256 585 2307 tota
605 2244 716 2308 uirtute
739 2253 809 2321 tua3
834 2243 891 2305 boc
912 2242 1038 2326 primum
1062 2254 1121 2320 cst,
1144 2253 1176 2305 et
1197 2241 1359 2305 secundum
1380 2241 1479 2304 simile
1501 2242 1590 2306 bnie:

464 2350 570 2433 diliges
592 2348 760 2434 proximum
784 2347 838 2411 tibi
863 2358 1009 2429 tamquam
1026 2359 1073 2426 te,
1097 2349 1128 2411 in
1145 2348 1191 2412 bis
1214 2347 1329 2411 duobus
1344 2348 1512 2432 praeceptis
1527 2360 1593 2412 tota
1696 2382 1706 2406 ι

463 2455 516 2519 lex
539 2454 647 2539 pendet
669 2464 701 2518 et
720 2445 903 2539 prophetae?
941 2452 1080 2535 Sequitur
1100 2463 1199 2517 autem
1216 2453 1271 2517 hoc
1293 2454 1424 2517 diuinum
1442 2474 1593 2518 ueneran-
1706 2509 1707 2528 ,

465 2561 592 2643 dumque
608 2571 797 2645 praeceptum
812 2559 981 2624 inmortalis
996 2559 1107 2624 domini
1128 2580 1164 2623 ac
1187 2570 1289 2624 sancta
1312 2559 1485 2638 conclusio3
1509 2560 1592 2624 addit

351 2655 445 2772 17:³32]
464 2668 555 2743 enim,
578 2676 613 2730 nt
636 2667 825 2732 manifestius
849 2666 928 2729 niam
944 2665 1050 2730 salutis
1066 2666 1205 2729 ostendat
1221 2666 1310 2728 etita
1325 2666 1475 2749 loquitur:
1497 2660 1592 2730 ‘baec

424 2784 513 2836 locst
527 2783 624 2835 antem
641 2773 702 2836 nita
718 2784 842 2837 aeterna
858 2781 891 2836 nt
905 2782 1087 2855 cognoscant
1109 2782 1140 2835 te
1161 2771 1258 2835 solum
1273 2790 1379 2835 uerum
1395 2772 1544 2836 dominum
1560 2781 1594 2837 et
1702 2755 1708 2838 ἶ

464 2896 550 2960 quem
571 2877 679 2942 misisti
701 2880 797 2943 lesum
822 2869 997 2943 Christum.²
1042 2877 1200 2941 Sacrorum
1224 2878 1433 2942 mandatorum
1454 2880 1591 2944 ordinem

464 2983 561 3059 scitis,
587 2983 655 3064 quid
678 2987 776 3066 sequi,
800 2986 869 3066 quid
890 2986 995 3066 lugere
1009 2983 1155 3059 debeatis,
1174 2985 1348 3048 ueneranda
1367 2997 1455 3068 atque
1477 2986 1593 3049 innor-

465 3089 518 3151 tali
534 3107 608 3150 noce
624 3088 780 3154 didicistis.
810 3089 919 3153 Audite
935 3109 1040 3152 rursus
1055 3089 1133 3171 quod
1148 3100 1269 3152 maneat
1282 3102 1508 3155 contemnentes
1523 3092 1593 3154 exi·
1708 3082 1709 3085 ¹

463 3194 549 3271 tium,
560 3193 666 3276 quibus
675 3194 744 3258 illos
752 3193 969 3258 calamitatibus
977 3196 1142 3259 necessitas
1155 3197 1345 3260 uenerandac
1353 3197 1429 3280 legis
1441 3199 1591 3262 adstrinc-

423 3303 565 3379 15xcrit3
590 3301 752 3365 clausulam
768 3302 845 3364 enim
868 3302 1108 3366 uenerandorum
1131 3303 1339 3366 mandatorum
1361 3303 1393 3365 in
1409 3303 1483 3367 baec
1498 3305 1592 3368 uerba
1696 3325 1708 3380 ς

353 3419 443 3486 [exat.
465 3406 598 3493 colligite
623 3401 809 3471 ‘sacrificans
832 3407 889 3470 diis
910 3407 1111 3470 eradicabitur
1139 3420 1260 3492 praeter
1288 3409 1408 3473 domino
1431 3404 1511 3473 soli.³
1558 3411 1591 3475 Si

345 3489 454 3555 ²²⁹²⁰·]
465 3515 561 3578 solum
577 3514 754 3597 sacrilegum
772 3512 918 3577 hominem
935 3515 1093 3577 metuenda
1105 3535 1200 3597 poena
1211 3524 1393 3598 percuteret,
1411 3515 1438 3579 si
1453 3519 1591 3600 peccanti

464 3619 522 3682 soli
543 3619 708 3682 minoretur
729 3619 877 3684 seueritas
900 3620 994 3704 legis,
1022 3620 1098 3684 bene
1120 3641 1154 3684 se
1175 3621 1212 3684 ad
1234 3621 1423 3704 sacrilegium
1445 3621 1590 3685 obstinati

464 3724 576 3788 furoris
600 3725 768 3788 temeritate
791 3726 940 3788 firmaret:
965 3747 1044 3789 nunc
1065 3727 1150 3810 stirpi
1174 3726 1305 3790 minatur
1325 3736 1355 3789 e't
1375 3727 1471 3790 soboli
1487 3739 1520 3790 et
1534 3728 1590 3792 boc
1703 3735 1709 3749 ¹

423 3829 537 3912 tougit,
563 3811 601 3892 nd
617 3851 674 3911 qua
690 3850 759 3912 pars
782 3832 956 3914 nequissimi
969 3832 1093 3895 seminis
1109 3832 1308 3923 relinquatur,
1326 3853 1364 3896 nc
1379 3833 1456 3916 quod
1472 3834 1588 3918 profani

464 3935 585 4019 generis
601 3935 759 4018 uestigium
777 3948 911 4001 maneat:
931 3929 1141 4014 ‘sacrificans',
1158 3938 1264 4020 inquit,
1278 3933 1348 4002 ‘diis
1362 3933 1588 4003 eraoieatitm?

465 4041 629 4105 Considera
652 4041 721 4124 qnid
737 4062 827 4124 agas,
853 4043 965 4106 misera
979 4064 1015 4107 ac
1029 4045 1165 4107 luctuosa
1181 4045 1350 4128 persuasio:
1375 4045 1490 4109 lacinus
1505 4057 1588 4110 tuum

341 4155 455 4211 rotata
466 4148 608 4232 plurimos
628 4154 632 4229 l
652 4148 782 4225 damnat,
800 4148 943 4234 plurimos
958 4148 1056 4231 perdit
1069 4159 1101 4210 et
1122 4169 1309 4233 peromnem
1325 4149 1520 4216 substantiam
1537 4175 1588 4237 ge-

465 4254 545 4318 neris
568 4255 610 4317 tui
630 4253 757 4319 fecunda
773 4275 868 4338 poena
890 4254 1043 4318 diuiditur.
1075 4254 1137 4340 Cpr
1151 4269 1248 4318 autem
1264 4266 1369 4318 contra
1384 4258 1587 4323 sacrificantes

349 4409 351 4414 .
465 4358 509 4422 sic
530 4359 647 4423 saeuiat
668 4359 821 4424 ordinatae
842 4359 918 4443 legis
946 4359 1110 4423 auctoritas
1130 4359 1161 4422 in
1185 4362 1410 4426 deuteronomio
1434 4365 1589 4429 manifesta

535 4606 653 4672 ddilisis
737 4610 868 4676 ltingire
952 4609 1150 4663 lb*clansnle
1218 4609 1430 4675 tlaaorileginm
1504 4612 1589 4666 atati

467 4692 588 4759 lperdet
697 4695 797 4760 2pene
