3725 5850
804 650 851 717 35

250 832 369 909 uestri,
393 842 425 894 et
447 829 586 894 extollite
608 842 676 909 nos,
701 841 805 913 portae
825 840 969 893 aeternae
984 838 1016 891 et
1029 828 1166 892 introibit
1179 850 1238 894 rex
1252 824 1390 914 gloriae.³
1417 844 1432 892 s

251 939 321 1001 Hoo
346 936 466 1021 angelis
490 935 692 1001 nescientibus
714 934 897 1019 imperatum
920 954 1022 1017 neque
1041 936 1119 998 euim
1134 934 1215 1001 seire
1231 947 1391 1020 potueruut

251 1045 381 1126 quaudo
394 1042 520 1107 uerbum
546 1041 594 1105 dei
616 1040 771 1104 deseendit
793 1040 829 1103 atl
846 1050 975 1119 terrnm3
999 1040 1070 1103 ileo
1085 1050 1115 1104 et
1129 1040 1187 1124 ipsi
1202 1042 1331 1108 solliuita
1345 1045 1392 1108 iu·

251 1150 469 1232 terrogatioue
482 1147 685 1231 respondent:
706 1141 786 1229 ‘puis
801 1157 848 1210 est
862 1146 921 1211 iste
938 1166 997 1210 rex
1012 1139 1160 1230 gloriae’l
1179 1147 1286 1231 quibus
1299 1169 1390 1232 quae·
1413 1158 1451 1223 [ι.
1464 1155 1503 1221 tt]

252 1255 399 1319 rentibus
415 1256 570 1339 pesspioua
586 1253 724 1316 Christus
740 1251 871 1316 numinis
887 1252 935 1315 sui
950 1254 1108 1318 maiestate
1121 1255 1302 1338 respondet:
1324 1250 1391 1321 ‘lo-

252 1360 359 1423 minus
380 1361 468 1424 fortis
488 1372 520 1424 et
543 1371 659 1444 potens,
682 1358 820 1421 lominus
840 1368 948 1442 potens
969 1358 1001 1421 in
1017 1351 1154 1443 pratelio.>
1190 1360 1434 1445 Cognosciturto

253 1465 364 1529 statim
387 1488 404 1529 a
424 1467 599 1531 eustodibus
628 1464 705 1529 eaeli
727 1464 874 1529 liliustlei
896 1476 927 1527 et
946 1464 1079 1547 quieqffl
1098 1466 1167 1529 illos
1193 1478 1265 1529 aute
1284 1467 1393 1530 fefellit

252 1582 451 1651 agnoscunt3
482 1574 583 1636 uident
604 1571 747 1655 prostrati
770 1570 867 1635 bostis
888 1572 1019 1634 exuuias
1046 1580 1078 1633 et
1102 1572 1255 1635 recordati
1277 1573 1392 1656 primae

253 1675 469 1758 dispositionis
485 1664 619 1739 ordinent
636 1678 726 1741 etiam
746 1677 805 1760 ipsi
826 1698 893 1740 oum
909 1674 1140 1741 assentientibus
1154 1676 1262 1739 iterata
1278 1680 1393 1762 pariter

253 1800 334 1843 none
353 1782 561 1846 oouolautaute
581 1778 690 1846 ‘tollite
705 1794 807 1866 portas
831 1782 882 1865 qui
896 1782 1044 1865 praeestis
1058 1780 1119 1843 illis
1133 1792 1167 1844 et
1184 1782 1322 1846 extollite
1336 1804 1392 1847 uos
1413 1798 1451 1865 [ιι.
1466 1799 1504 1865 tt]

253 1896 369 1969 portae
390 1898 531 1952 aeternae
555 1902 586 1953 et
604 1889 740 1954 introibit
760 1908 819 1952 rex
839 1880 980 1971 gloriae?
1017 1886 1435 1971 lleuersobliopromissa15

253 2004 348 2075 putea·
370 1994 458 2077 regni
479 2006 598 2080 seeptra
619 1996 752 2059 restituit
772 2006 804 2058 et
823 1993 929 2059 sellam
947 1994 1032 2078 regni
1047 2013 1145 2076 aequa
1159 2002 1306 2075 potestate
1321 2014 1393 2057 eon·

254 2099 341 2163 oeslit
365 2102 566 2185 olimpum,
590 2112 623 2163 ut
643 2110 761 2183 regnet,
787 2112 821 2164 ut
843 2111 955 2175 teneat,
980 2110 1015 2163 ut
1034 2110 1177 2182 perpetua
1199 2097 1329 2162 numinis
1344 2099 1394 2163 sui

254 2205 422 2270 maiestate
438 2208 619 2271 dominetur.
658 2206 735 2271 Audi
751 2207 820 2291 <prid
843 2207 880 2270 tle
906 2207 960 2269 illu
976 2204 1150 2269 liunibelem
1164 2204 1290 2289 spiritus
1303 2225 1393 2268 sane·

255 2321 306 2375 tus
331 2312 460 2377 iusserit
482 2314 599 2377 dieerea
634 2306 784 2377 ‘uidebant
807 2313 839 2376 in
865 2313 933 2377 uisu
959 2322 1048 2376 noete
1068 2322 1099 2374 et
1117 2330 1188 2375 eone
1210 2313 1241 2375 in
1262 2312 1392 2377 nubibus
1415 2290 1488 2423 1335
1492 2325 1506 2423 ⁹]

256 2417 338 2480 caeli
358 2419 442 2501 quusi
457 2420 534 2485 lilius
551 2418 678 2483 bominis
695 2419 820 2483 ueniens
844 2420 929 2482 uenit
950 2440 1045 2501 usque
1063 2418 1102 2480 ad
1122 2430 1256 2480 ueterem
1277 2418 1393 2482 dierum
1403 2436 1436 2486 20

254 2533 287 2584 et
311 2524 401 2587 stetit
424 2526 454 2587 iu
476 2536 641 2610 conspeetu
661 2525 725 2589 eius
744 2534 777 2587 et
798 2524 847 2607 qui
869 2524 1055 2587 adsistebant
1076 2523 1250 2604 optulerunt
1263 2542 1345 2599 eum,
1363 2534 1395 2587 et

255 2630 328 2693 lata
344 2641 394 2693 est
410 2631 437 2693 oi
455 2642 589 2714 potestas
603 2629 690 2711 regia
705 2639 736 2690 et
749 2647 856 2691 omnes
870 2648 961 2710 reges
978 2636 1247 2709 terraeetregnum
1257 2629 1392 2691 etonnis

254 2736 387 2798 ularitas
413 2736 552 2798 seruiunt
570 2736 600 2799 ei
623 2746 653 2798 et
675 2744 807 2817 potestas
830 2732 896 2797 eius
917 2742 1042 2795 aeterna
1059 2752 1135 2813 qnae
1157 2752 1217 2795 uon
1240 2733 1394 2797 auferetur

256 2851 288 2903 et
309 2860 443 2921 regnum
464 2840 530 2903 eius
554 2860 613 2903 nou
636 2829 866 2922 eoru-uunpetur.³
911 2837 996 2901 llaee
1018 2838 1122 2901 eatlem
1143 2838 1231 2904 uobis
1255 2839 1261 2927 Ι
1287 2852 1393 2904 saneta
1403 2852 1515 2905 ratem.

253 2947 451 3010 reuelutioue
474 2957 700 3028 monstrantur-3
730 2945 901 3010 iuueuimus
924 2945 1005 3009 eain
1028 2945 1060 3008 iu
1075 2947 1246 3032 apocalypsi
1266 2947 1309 3011 ita
1324 2967 1393 3012 esse

257 3052 477 3134 pet-seriptum:
499 3048 543 3118 ‘et
559 3075 723 3118 ouuwsus
739 3073 804 3116 sum
821 3063 850 3115 et
864 3053 988 3136 respexi
1003 3068 1037 3115 ut
1047 3052 1181 3117 uiderem
1192 3074 1299 3117 nouem
1316 3075 1392 3137 quae
1403 3067 1438 3134 [ι.
1451 3067 1475 3129 1,
1486 3067 1517 3118 12
1536 3064 1538 3066 ’

259 3177 382 3220 meeum
411 3159 590 3242 loquebatur
623 3171 654 3223 et
674 3160 735 3224 uidi
762 3168 878 3243 septem
903 3159 1082 3223 eaulelabra
1108 3179 1201 3222 aurea
1225 3171 1256 3224 et
1274 3160 1307 3224 in
1328 3181 1392 3224 me·
1413 3134 1504 3200 ’Μ

258 3264 311 3326 dio
327 3264 574 3329 eandelabmrnm
596 3265 723 3329 similem
744 3264 786 3327 fili
806 3263 937 3328 bominis
959 3265 1101 3327 uestitum
1122 3265 1260 3346 poderem
1282 3275 1314 3327 et
1329 3277 1396 3329 erut
1418 3286 1434 3334 n

259 3370 454 3452 praeuiuetus
476 3391 568 3455 supra
590 3390 732 3434 mammas
754 3391 860 3432 nouam
879 3389 1021 3445 auream
1052 3380 1141 3450 eaput
1162 3379 1260 3432 autem
1283 3371 1348 3433 eius
1364 3381 1395 3432 et

259 3475 363 3557 capilli
380 3487 467 3540 erant
481 3476 541 3540 albi
557 3475 640 3538 uelut
654 3475 722 3537 lana
737 3475 815 3548 alba,
832 3474 949 3545 ntulit,
966 3471 1044 3534 oeuli
1059 3471 1125 3535 eius
1138 3483 1171 3534 ut
1183 3473 1302 3536 llantatu
1316 3474 1395 3558 iguis

260 3590 292 3642 et
308 3581 401 3663 perles
416 3582 483 3645 eius
498 3581 613 3644 similes
629 3578 799 3643 auriobaleo
816 3578 893 3640 munt
908 3578 945 3639 le
959 3578 1082 3640 loruaoe
1094 3578 1184 3660 ignea
1199 3589 1231 3643 et
1250 3598 1314 3642 uox
1328 3581 1394 3644 eius

260 3695 295 3748 ut
318 3707 414 3750 sonus
435 3706 578 3768 uquarnnu
600 3683 778 3762 multarunt,
802 3695 834 3747 et
854 3683 983 3748 habebat
1003 3684 1035 3747 in
1058 3684 1184 3748 dextera
1204 3703 1259 3748 sua
1280 3697 1394 3770 septem
1489 3704 1499 3723 ·

261 3792 370 3854 stellas
392 3801 425 3854 et
450 3811 488 3854 ex
508 3811 562 3854 ore
584 3791 648 3854 eins
670 3789 786 3874 gladius
815 3809 857 3853 ex
877 3800 1006 3871 utruque
1027 3801 1132 3854 aeutus
1159 3800 1191 3853 et
1213 3792 1306 3857 laeies
1329 3794 1436 3865 eiuslo

261 3895 441 3979 spleuleltat
461 3907 495 3959 ut
517 3897 563 3961 sol
583 3896 614 3958 in
629 3896 743 3960 uirtute
759 3917 832 3976 sua3
856 3905 888 3958 et
903 3917 969 3958 estat
986 3895 1127 3960 uidissem
1143 3898 1237 3961 oeoili
1251 3899 1288 3961 atl
1304 3900 1393 3982 perles

263 4001 479 4084 eiustanquam
488 4012 634 4080 mortuns,
653 4001 820 4085 etinposuit
833 4003 989 4065 dexteram
1004 4023 1089 4065 suam
1105 4023 1195 4087 super
1207 4025 1255 4068 me
1270 4005 1394 4068 uicenos

263 4108 326 4170 uoli
340 4107 465 4186 timere3
486 4128 626 4192 egenum
643 4107 756 4192 primus
774 4119 807 4172 et
826 4107 1010 4172 nouissimus
1028 4118 1062 4171 et
1089 4107 1178 4173 uiuus
1201 4110 1252 4191 qui
1279 4110 1394 4173 luerem

176 4187 183 4210 ⁸
264 4224 400 4278 mortuus
416 4224 448 4278 et
463 4233 535 4277 eeoe
549 4234 614 4276 sum
630 4215 738 4277 uiuent
752 4213 784 4276 in
798 4212 922 4278 saeeula
934 4214 1123 4279 saeculorum
1139 4227 1170 4278 et
1184 4213 1280 4278 babeo
1291 4215 1395 4281 claues

264 4327 373 4382 murts
387 4327 419 4382 et
441 4311 631 4384 inferorum?
669 4319 742 4384 Post
761 4319 1018 4384 amrmotiouern
1038 4319 1129 4384 etiam
1151 4339 1219 4382 unna
1240 4319 1436 4407 disoipulists

337 4509 350 4555 5
372 4519 419 4557 uus
438 4521 490 4557 om.
510 4521 547 4556 aa
566 4507 647 4557 surtb.
673 4505 846 4566 extollimini,
872 4509 905 4556 ut
928 4510 972 4556 ast
994 4505 1069 4571 opud
1087 4505 1254 4572 Oppressum
1277 4507 1394 4572 (testim.

266 4584 298 4650 ll,
314 4590 357 4652 tu,
378 4604 403 4656 p.
419 4590 685 4656 lbl)t-—introinit
755 4590 944 4658 b*runpuutlit
1008 4591 1174 4642 lliutroiuit
1220 4592 1328 4645 slsum
1341 4609 1394 4646 om.

267 4670 392 4737 bputlori
463 4674 698 4727 finoni-*uuust't
768 4676 931 4729 baurieuleo
1006 4677 1172 4728 lbeiusum.

1147 4760 1188 4812 30
