3725 5850
1019 630 1066 700 26

480 815 556 880 idem
574 810 665 877 simili
679 812 767 883 modo
782 809 944 897 siguificat,
967 810 1010 875 ait
1024 810 1121 874 enim:
1142 803 1184 873 ‘si
1198 810 1266 893 quis
1281 811 1347 876 sitit
1361 812 1466 877 ueniat
1481 824 1512 876 et
1528 813 1627 877 bibat

438 938 454 986 5
481 920 531 1003 qni
546 919 641 982 credit
655 918 687 982 iu
702 910 772 981 me.³
802 918 842 981 Et
855 937 962 983 rursus
977 916 1054 1000 ipse,
1079 927 1112 981 ιιι
1124 916 1290 981 maiestatis
1313 936 1387 981 snae
1408 915 1624 983 substantiam

367 1025 672 1107 [u.st.]credentibus
693 1024 846 1101 traderet,
878 1022 939 1088 ait:
967 1016 1040 1086 ‘nisi
1061 1023 1184 1087 ederitis
1205 1042 1330 1086 carnem
1355 1022 1397 1088 lili
1425 1024 1561 1089 hominis
1583 1035 1622 1087 et

480 1130 616 1196 biberitis
644 1130 818 1214 sangninem
840 1130 907 1193 eins
931 1128 1161 1193 nonhabebitis
1184 1128 1276 1191 uitam
1299 1129 1332 1193 in
1353 1121 1463 1193 uobis?
1509 1129 1621 1209 Quare

480 1238 553 1303 nibil
570 1236 654 1301 uobis
669 1237 709 1301 sit
723 1257 789 1299 eum
805 1235 937 1318 tympani
953 1234 1030 1311 cibo,
1055 1255 1074 1296 o
1088 1234 1190 1299 miseri
1206 1235 1366 1299 mortales:
1391 1235 1534 1300 salutaris
1552 1238 1617 1299 eibi

481 1345 606 1429 gratiam
623 1340 759 1424 quaerite
774 1350 806 1403 et
820 1339 1129 1423 inmortale-poculum
1144 1339 1247 1405 bibite.
1280 1340 1418 1404 Christus
1432 1363 1489 1405 uos
1511 1344 1617 1425 epulis
1697 1376 1699 1385 ·

440 1450 545 1521 tosnis
560 1457 684 1511 reuocat
698 1447 735 1509 ad
750 1446 846 1510 lucem
862 1455 892 1509 et
908 1444 995 1527 grani
1012 1465 1129 1509 ueneno
1145 1456 1247 1528 putres
1262 1457 1347 1510 artus
1362 1459 1392 1510 et
1407 1450 1618 1530 torpescentia

481 1555 613 1617 membra
634 1551 776 1616 uiuificat.
815 1551 947 1617 Caelesti
969 1551 1037 1614 cibo
1057 1550 1375 1615 renouatehominem
1397 1554 1544 1636 perditum
1580 1567 1618 1621 nt
1697 1580 1699 1612 ι

481 1659 615 1742 quicquit
629 1659 660 1722 in
675 1658 762 1723 nobis
776 1669 925 1723 mortuum
942 1670 990 1722 est
1005 1657 1113 1721 diuinis
1132 1656 1285 1721 beneficiis
1308 1670 1495 1723 renascatur.
1526 1661 1617 1725 Didi·
1697 1652 1699 1728 l

483 1765 567 1831 cistis
588 1765 659 1848 quid
680 1785 735 1828 uos
759 1766 860 1829 lacere
881 1766 1051 1841 conueniat,
1079 1764 1181 1847 eligite
1204 1765 1282 1846 quod
1306 1765 1413 1831 uultis:
1437 1766 1506 1828 inde
1528 1789 1617 1831 mors
1697 1778 1699 1804 ³

370 1900 405 1967 [c.
418 1900 473 1968 pq]
483 1873 629 1949 nascitur,
648 1872 716 1936 hinc
731 1872 898 1937 inmortalis
913 1872 975 1935 uita
992 1872 1119 1935 tonatur
1127 1915 1336 1933 ...........
1354 1872 1464 1958 Χαῖρε
1477 1863 1615 1961 ripsque,

442 1979 578 2064 ιιχαῖρε
600 1974 673 2043 νέοι
695 1981 778 2066 φῶς.
811 1978 886 2057 Quid
903 1978 948 2041 sic
965 1976 1105 2041 miserum
1129 1976 1278 2040 bominem
1302 1997 1355 2060 per
1374 1977 1500 2061 abrupta
1522 2001 1615 2061 prae-

482 2084 601 2167 cipitas,
625 2084 799 2147 calamitosa
821 2084 1001 2167 persuasio?
1029 2083 1098 2165 qnid
1121 2081 1162 2146 illi
1184 2082 1278 2147 falsae
1300 2083 1364 2168 spei
1386 2084 1538 2167 polliceris
1561 2084 1613 2149 in·
1697 2109 1698 2152 ἱ

482 2189 601 2271 signia?
629 2188 749 2253 Nullum
767 2199 837 2271 aput
852 2200 881 2251 te
896 2188 997 2254 lumen
1012 2200 1129 2252 estnec
1148 2198 1194 2251 est
1216 2187 1306 2271 aliqui
1323 2190 1374 2272 qui
1395 2211 1525 2273 sponsus
1547 2212 1615 2254 me·

483 2305 586 2357 reatnr
602 2294 723 2358 audire:
741 2316 831 2359 unum
847 2293 948 2359 lumen
958 2306 1015 2370 est,
1027 2316 1105 2357 unus
1117 2304 1164 2356 est
1175 2316 1321 2376 sponsusa
1339 2296 1490 2359 nominum
1502 2297 1613 2361 horum

483 2399 610 2483 gratiam
635 2399 772 2463 Christus
795 2399 923 2483 accepit.
958 2399 1028 2463 Non
1057 2400 1170 2483 poteris
1193 2400 1230 2463 ad
1252 2412 1283 2463 te
1312 2402 1428 2466 alienae
1457 2403 1614 2467 felicitatis
1697 2425 1698 2496 ι

424 2588 426 2592 ,
441 2527 474 2578 ιο
485 2508 650 2570 transferre
665 2506 790 2591 gloriam
806 2526 862 2573 uec
878 2506 991 2590 poteris
1005 2506 1145 2570 caelestis
1160 2506 1279 2569 luminis
1293 2507 1611 2590 splendoredecorari.
1697 2499 1698 2508 ¹

483 2612 517 2677 ln
537 2612 678 2677 tenebras
701 2614 915 2695 squaloresque
931 2612 1083 2695 proiectus
1105 2634 1151 2689 es,
1174 2612 1237 2677 illic
1258 2614 1377 2690 sordes,
1401 2616 1535 2697 squalor,
1562 2639 1613 2681 ca-

483 2720 556 2801 ligo,
582 2719 723 2783 tenebrae
744 2730 774 2783 et
795 2728 956 2803 perpetuae
979 2719 1074 2783 noctis
1095 2717 1267 2781 dominatur
1291 2720 1411 2781 horror.
1454 2720 1487 2783 Si
1507 2722 1556 2785 uis
1579 2734 1614 2786 ut

483 2824 583 2888 tenuis
598 2826 697 2887 saltim
715 2825 768 2887 tibi
784 2825 924 2907 splendor
939 2824 1060 2889 luminis
1081 2825 1192 2898 luceat,
1215 2823 1300 2907 erige
1323 2825 1423 2889 uultus
1444 2836 1475 2888 et
1494 2827 1614 2891 demer-

484 2951 535 2994 sos
551 2932 633 3012 aperi
649 2931 753 2994 oculos
768 2942 799 2993 et
812 2932 939 2994 desertis
956 2931 1002 2994 tis
1024 2932 1061 2995 ad
1082 2952 1149 2994 enm
1170 2942 1201 2993 te
1224 2933 1327 2994 conler
1349 2933 1400 3014 qni
1422 2932 1518 2997 dixita
1539 2927 1613 3018 ‘ego
1697 3008 1698 3011 Ἴ

359 3043 552 3101 Fot.ttt·.snm
575 3035 629 3098 lux
650 3027 775 3110 mundi‚'
798 3035 1044 3122 cuius-diuinisl
1066 3035 1233 3120 praeceptis
1257 3037 1428 3102 continetur
1448 3049 1481 3102 ut
1500 3038 1532 3100 in
1556 3040 1615 3102 hac

485 3153 607 3205 terrena
624 3139 855 3206 conuersatione
871 3163 945 3224 opus
960 3151 1094 3205 nostrum
1111 3161 1165 3224 per
1179 3141 1243 3206 dies
1266 3141 1401 3227 singulos
1422 3143 1538 3208 luceat:
1564 3145 1614 3208 lu·

484 3267 553 3312 cere
568 3257 667 3312 autem
683 3267 743 3310 non
760 3257 857 3329 potest
872 3247 930 3312 nisi
945 3247 1125 3312 inmaculata
1141 3268 1196 3312 nos
1211 3249 1413 3314 conscientiae
1433 3263 1614 3314 ornamenta

484 3353 684 3438 protexerint,
709 3353 767 3417 nisi
787 3353 906 3437 integra
928 3373 985 3418 nos
1000 3363 1031 3414 et
1044 3353 1215 3437 incorrupta
1233 3355 1296 3418 uita
1311 3356 1514 3419 commendet:
1541 3367 1615 3420 tunc

402 3532 407 3552 ι
442 3483 458 3531 t
485 3461 601 3524 orietur
622 3459 708 3525 noltis
734 3460 798 3524 ueri
819 3460 941 3526 luminis
964 3459 1074 3544 gratia,
1099 3470 1170 3524 tnnc
1192 3481 1226 3524 se
1246 3460 1334 3526 nobis
1354 3460 1431 3524 lucis
1445 3473 1551 3525 auctor
1565 3463 1613 3524 in-

485 3567 596 3643 sinuat,
624 3577 694 3630 tunc
719 3585 821 3630 uerum
845 3567 945 3630 lumen
969 3577 1000 3630 et
1017 3566 1153 3648 accipere
1168 3586 1325 3649 possumus
1342 3578 1373 3630 et
1388 3566 1503 3632 uidere.
1536 3569 1609 3642 Sed,

486 3681 515 3733 ut
538 3671 702 3754 sacrilegae
724 3673 810 3735 uocis
833 3672 1038 3756 conprimatur
1057 3671 1234 3754 inprobitas,
1258 3673 1306 3755 qui
1330 3673 1370 3739 sit
1393 3694 1467 3736 nere
1481 3695 1613 3758 sponsus

485 3795 638 3840 sacrarum
661 3776 819 3842 lectionum
843 3778 973 3842 oraculis
996 3777 1213 3860 comprobabo,
1245 3789 1278 3842 nt
1304 3778 1447 3862 probetur
1467 3801 1613 3863 sponsum

486 3901 554 3945 esse
570 3880 733 3958 Christum,
751 3904 890 3966 sponsam
907 3883 1063 3947 ecclesiam
1079 3903 1119 3948 ex
1135 3905 1192 3965 qua
1208 3884 1378 3948 uenerando
1394 3887 1470 3968 patri
1493 3885 1613 3969 spirita-

444 3988 529 4064 1ules
551 3986 603 4053 lilii
627 4008 679 4072 per
701 3988 764 4053 dies
786 3988 922 4072 singulos
945 3999 1152 4074 procreantur.
1192 3989 1226 4053 ln
1243 3991 1299 4053 hac
1313 3991 1487 4074 probatione
1503 4013 1612 4055 arcana

485 4096 694 4178 prophetarum
710 4095 883 4160 ueneranda
898 4096 1075 4178 pandantur,
1097 4096 1226 4194 adsistat
1245 4097 1333 4163 nolis
1347 4107 1520 4162 sanctorum
1543 4117 1612 4161 ora-

364 4228 435 4294 Μ,
445 4229 475 4281 lt
486 4201 619 4267 culorum
635 4203 718 4266 fides.
755 4201 837 4266 lohel
852 4201 953 4266 diuino
968 4200 1076 4285 spiritu
1092 4214 1233 4268 monente
1247 4203 1292 4267 sic
1307 4203 1396 4267 dicits
1414 4197 1527 4268 ‘canite
1541 4203 1612 4269 tuba
1697 4222 1699 4227 ·

396 4297 450 4363 ει]
485 4305 517 4368 in
533 4307 622 4384 Sion,
647 4305 830 4372 sanctificate
851 4307 998 4372 ieiunium
1019 4319 1051 4372 et
1070 4307 1192 4372 indicite
1213 4310 1417 4386 curationem,
1449 4311 1611 4394 adgregato

555 4477 571 4527 8
584 4477 642 4528 cino
656 4479 707 4528 odii
720 4479 808 4531 miseri
821 4479 937 4546 (qllsod
952 4480 979 4530 9·
991 4479 1011 4530 l.
1025 4479 1053 4543 d)
1069 4507 1097 4518 -
1110 4480 1163 4528 ciui
1240 4479 1269 4530 ll
1284 4482 1343 4532 eino
1421 4482 1454 4535 tt
1466 4482 1611 4532 recusantis

487 4561 518 4612 ll
533 4561 651 4612 donatur.
666 4560 748 4617 ΔΘΝ
751 4561 861 4618 ΥΝΦΕ
872 4560 994 4616 ΧΑΙΡΕ
1003 4567 1034 4614 Ν
1036 4559 1147 4616 ΥΝΦΕ
1153 4581 1162 4613 .·
1180 4564 1397 4628 apparaturam
1414 4565 1521 4630 aliquid
1532 4564 1612 4630 quola

486 4651 544 4696 est:
557 4644 632 4696 attat
643 4647 766 4711 prolanae
776 4650 908 4718 religionis
917 4645 1060 4713 symbolum
1069 4653 1118 4712 est,
1127 4648 1194 4714 qnod
1203 4649 1301 4700 dicitur
1334 4651 1368 4705 20
1382 4649 1511 4702 *numinis
1546 4649 1562 4704 1
1575 4651 1612 4701 sie
