3725 5850
1029 663 1051 726 d

478 855 526 907 ret
542 840 694 921 membris,
717 842 794 925 quod
810 841 921 925 polluta
937 840 1074 925 corporis
1090 839 1342 903 contaminatione
1359 840 1503 925 placatur.
1532 843 1612 905 Eru·
1716 816 1718 824 y

478 951 604 1028 beseite‚
621 973 639 1014 o
654 949 769 1027 miseri,
787 948 1004 1013 summitatem:
1023 946 1112 1009 aliter
1126 968 1181 1010 uos
1198 947 1271 1011 deus
1290 948 1373 1011 lecit.
1409 947 1483 1011 Cum
1499 948 1615 1011 cobors

481 1067 582 1119 uestra
598 1056 635 1119 ad
652 1055 782 1119 tribuual
797 1056 955 1119 iudicantis
970 1054 1019 1117 dei
1034 1052 1198 1117 accesserit
1212 1052 1286 1115 nibil
1300 1052 1452 1117 uobiscum
1468 1055 1612 1117 referetis

437 1164 558 1245 toqnod
574 1161 645 1224 dens
661 1162 710 1244 qni
727 1183 782 1225 uos
803 1161 875 1225 ierit
894 1172 1049 1245 agnoscat.
1081 1157 1197 1222 Abicite
1213 1158 1292 1221 bunc
1313 1170 1415 1222 tantae
1430 1160 1611 1223 calamitatis
1716 1219 1718 1224 .

481 1289 614 1331 errorem
636 1278 667 1331 et
687 1267 784 1331 studia
807 1268 949 1351 profanae
972 1266 1081 1329 mentis
1096 1266 1255 1347 aliquando
1271 1266 1413 1343 deserite,
1432 1265 1526 1328 nolite
1542 1287 1611 1328 cor·
1716 1311 1717 1324 ,

482 1397 535 1459 pus
552 1374 630 1457 quod
645 1375 718 1437 deus
735 1374 807 1436 fecit
821 1373 969 1437 scelerata
985 1371 1093 1435 diaboli
1113 1371 1180 1453 lege
1204 1371 1366 1449 damnare,
1390 1370 1611 1436 calamitatibus

482 1480 593 1543 nestris
609 1480 677 1541 dum
695 1480 789 1542 adbuc
807 1490 922 1563 tempus
939 1478 1050 1563 patitur
1064 1476 1234 1540 subuenite.
1266 1478 1473 1543 Misericordia
1495 1478 1543 1540 dei
1567 1478 1611 1540 di·

368 1594 423 1645 Fol.
433 1591 469 1644 tb.
483 1608 535 1649 uos
547 1596 605 1662 cst,
615 1584 744 1647 libenter
756 1585 901 1669 ignoscit:
920 1584 1032 1647 relictis
1045 1584 1209 1666 nonaginta
1220 1604 1329 1649 nouem
1339 1581 1457 1654 ouibusl
1469 1584 1611 1647 amissam
1716 1659 1718 1669 k

482 1690 597 1773 quaerit
620 1711 719 1769 unam,
743 1701 773 1753 et
794 1711 919 1753 reuerso
942 1701 1026 1775 pater
1046 1689 1170 1774 prodigo
1186 1690 1246 1752 tilio
1262 1702 1292 1753 et
1307 1701 1422 1754 uestem
1437 1690 1566 1754 reddidit
1581 1700 1612 1753 et
1716 1755 1717 1766 p

483 1807 568 1881 parat
583 1818 698 1860 cenam.
724 1796 801 1861 Nolo
819 1818 873 1861 nos
889 1798 1049 1881 desperare
1064 1796 1154 1860 faciat
1169 1796 1327 1860 criminum
1344 1797 1519 1859 multitudo:
1537 1797 1613 1860 deus
1716 1819 1718 1831 ¹

483 1925 615 1967 summus
632 1923 685 1986 per
701 1903 790 1967 lilium
807 1925 894 1966 suum
911 1902 1008 1965 lesum
1023 1902 1173 1968 Christum
1189 1903 1338 1966 dominum
1356 1912 1490 1966 nostrum
1506 1903 1613 1966 uolen-

442 2019 457 2066 5
483 2022 529 2073 tes
544 2010 651 2073 liberat
666 2020 696 2071 et
711 2009 933 2093 poenitentibus
948 2008 1078 2073 libenter
1092 2010 1232 2095 ignoscit,
1252 2028 1306 2071 nec
1322 2009 1447 2073 multum
1463 2008 1561 2092 exigit
1576 2020 1614 2071 ut

483 2116 636 2198 ignoscat:
669 2115 726 2177 lide
757 2126 869 2178 tantum
892 2127 922 2179 et
950 2116 1134 2199 poenitentia
1156 2116 1282 2198 potestis
1310 2116 1457 2179 redimere
1480 2114 1614 2197 quicquit
1716 2191 1717 2194 Ἴ

483 2220 640 2285 sceleratis
657 2220 765 2283 diaboli
782 2220 1029 2303 persuasionibus
1044 2221 1229 2304 perdidistis.

390 2336 474 2406 [ot]
569 2325 681 2388 Persae
703 2337 734 2389 et
753 2327 834 2410 Magi
857 2348 961 2390 omnes
984 2328 1032 2408 qui
1053 2328 1193 2391 Persicae
1215 2327 1348 2410 regionis
1375 2326 1510 2389 incolunt
1536 2328 1613 2389 lines
1716 2357 1717 2370 κ

485 2433 583 2515 ignem
600 2434 775 2516 praeierunt
790 2444 820 2495 et
835 2433 974 2496 omnibns
989 2433 1146 2496 elementis
1161 2435 1259 2517 iguem
1276 2443 1379 2517 putant
1393 2433 1503 2495 debere
1524 2452 1615 2515 prae·

444 2538 566 2622 loponi.
600 2538 637 2600 Hi
658 2539 759 2621 itaque
781 2538 879 2623 ignem
901 2539 932 2601 in
958 2539 1031 2602 duas
1054 2539 1191 2603 diuidunt
1212 2550 1375 2626 potestates
1391 2550 1529 2601 naturam
1545 2538 1612 2601 eius
1716 2565 1717 2620 ς

484 2647 520 2709 ad
531 2655 687 2729 utrumque
703 2666 812 2708 sexum
821 2647 1038 2709 transferentes
1048 2656 1078 2710 et
1093 2646 1151 2709 uiri
1168 2657 1198 2709 et
1212 2647 1339 2710 feminae
1355 2644 1516 2710 simulacro
1533 2645 1613 2727 ignis
1716 2635 1717 2638 ¹

486 2751 681 2815 substantiam
699 2752 889 2835 deputantes:
908 2764 939 2817 et
952 2753 1107 2817 mulierem
1124 2753 1241 2836 quidem
1259 2752 1386 2816 triformi
1401 2752 1484 2815 uultu
1500 2755 1614 2815 consti-

488 2869 574 2920 tuunt
594 2858 772 2920 monstrosis
796 2878 861 2920 eam
884 2860 1074 2942 serpentibus
1095 2859 1265 2944 inligantes.
1305 2858 1388 2939 Quod
1411 2858 1479 2921 ideo
1500 2858 1614 2920 faciunt
1716 2859 1717 2912 i

488 2983 526 3026 ue
548 2963 584 3026 ab
605 2973 727 3025 auctore
749 2984 803 3027 suo
825 2965 943 3028 diabolo
966 2965 1066 3048 aliqua
1088 2967 1207 3029 ratione
1226 2966 1418 3043 dissentiant,
1440 2965 1494 3028 sed
1510 2975 1542 3027 ut
1557 2964 1612 3026 dea

447 3089 543 3139 15sua
559 3068 748 3153 serpentibus
765 3069 913 3152 pullulans
936 3072 1096 3135 maculosis
1119 3072 1228 3135 diaboli
1249 3072 1416 3156 insignibus
1438 3072 1609 3134 adornetur.

487 3175 591 3239 Virum
614 3195 687 3237 uero
709 3177 879 3239 abactorem
904 3178 992 3241 boum
1015 3179 1149 3242 colentes
1172 3200 1258 3242 sacra
1280 3179 1344 3241 eius
1366 3179 1402 3241 ad
1421 3178 1499 3261 ignis
1514 3187 1613 3240 trans·

487 3284 587 3346 ierunt
598 3291 785 3366 potestatem,
796 3283 872 3346 sicut
886 3285 1029 3367 propbeta
1041 3285 1105 3348 eius
1121 3285 1241 3348 tradidit
1257 3284 1343 3347 nobis
1356 3285 1458 3348 dicens
1468 3310 1476 3347 z
1488 3277 1613 3346 Μύστα

487 3380 701 3475 βοοκλοπίης,
725 3381 778 3452 dod
802 3383 888 3467 δέξιε
910 3385 1039 3476 πατρὸς
1059 3382 1197 3476 ἀγαυοῦ.
1236 3391 1322 3454 Hunc
1335 3391 1476 3454 Mithram
1499 3389 1611 3464 dicunt,

489 3517 575 3560 sacra
590 3515 663 3558 uero
680 3495 749 3558 eius
758 3496 789 3558 in
805 3495 954 3580 speluncis
971 3496 1078 3561 abditis
1094 3499 1226 3577 tradunt,
1244 3507 1277 3560 ut
1293 3517 1412 3581 semper
1426 3495 1553 3559 obscuro
1570 3504 1613 3556 te-

446 3601 647 3671 tcncbrarum
676 3603 814 3682 squalore
839 3603 969 3666 demersi
999 3604 1122 3686 gratiam
1145 3603 1292 3688 splendidi
1314 3625 1349 3667 ac
1371 3602 1471 3667 sereni
1493 3599 1613 3663 luminis

490 3707 596 3768 nitent.
621 3704 644 3766 0
662 3706 725 3770 dira
741 3709 868 3772 numinis
885 3709 1090 3773 consecratio!
1109 3733 1127 3774 o
1142 3711 1276 3776 nefariae
1291 3710 1367 3793 legis
1382 3708 1520 3792 fugienda
1532 3727 1614 3768 ccm-

490 3811 605 3874 meuta!
632 3811 718 3872 deum
738 3833 805 3876 esse
826 3816 924 3879 credis
946 3815 1032 3878 cuius
1049 3817 1086 3879 de
1100 3817 1264 3882 sceleribus
1280 3817 1446 3880 confiteris.
1478 3812 1540 3876 Vos
1556 3810 1613 3873 ita-

490 3938 547 4002 que
563 3917 612 4001 qui
629 3916 727 3981 dicitis
743 3918 774 3980 in
790 3918 835 3981 bis
851 3920 968 4004 templis
984 3921 1043 3984 rite
1057 3922 1211 4005 Magorum
1227 3923 1288 3984 ritu
1303 3921 1445 3997 Persico,
1470 3940 1524 3982 cnr
1539 3919 1615 3980 baec

490 4027 650 4089 Persarum
678 4022 742 4086 sola
770 4023 918 4088 laudatis?
955 4026 986 4090 Si
1010 4026 1066 4090 boc
1088 4029 1222 4091 Romano
1245 4027 1365 4088 nomine
1388 4026 1506 4106 dignum
1530 4032 1615 4102 puta·
1716 4044 1718 4057 ’

449 4151 480 4202 25
490 4133 549 4210 tis,
583 4142 615 4195 ut
636 4130 795 4193 Persarum
818 4132 931 4211 sacris,
967 4144 999 4195 ut
1018 4133 1176 4196 Persarum
1207 4129 1321 4212 legibus
1343 4129 1525 4208 obsequatur
1541 4170 1550 4187 .

558 4287 590 4338 17
608 4286 649 4338 Na
662 4300 723 4336 cum
737 4285 847 4336 Oeblerc
867 4288 981 4352 pollucta
1000 4287 1170 4339 scribendum
1190 4300 1246 4335 assa
1263 4299 1369 4332 cenaeus
1390 4283 1427 4346 es.
1438 4280 1496 4346 fol.
1510 4278 1567 4345 23¹‘‚
1583 4282 1615 4332 tt

489 4371 679 4437 bpoeniteutit't
777 4369 1074 4439 ll*utriusqucscxus
1181 4368 1377 4434 lblpollultut
1477 4366 1614 4418 libonem

492 4457 523 4507 tr
536 4454 552 4488 *
563 4451 775 4513 cYNAGEJt-T:
805 4457 933 4509 Oedlaruc
951 4461 1039 4508 cont„-
1058 4448 1178 4508 Μύσται
1194 4453 1362 4518 ῥουκλοπίην
1382 4449 1543 4504 συναείδετε
1562 4467 1615 4500 πα-

491 4533 671 4607 Ῑθὸςᾶγαυθῡ
784 4542 815 4593 18
828 4541 930 4593 Mittam
1056 4541 1088 4591 21
1110 4554 1174 4590 uera
1294 4540 1328 4593 23
1343 4545 1408 4605 post
1421 4538 1470 4589 rite
1483 4537 1616 4587 excidisse
1716 4584 1717 4603 p

490 4625 601 4676 uidemur
612 4624 729 4688 aliquid,
743 4625 820 4676 uelut
831 4641 903 4678 sacra
917 4626 972 4676 fleri
987 4625 1036 4674 ritu
1141 4626 1174 4675 25
1188 4630 1215 4674 ut
1229 4629 1381 4676 euanuit-
1394 4632 1530 4691 sequatur,
1544 4621 1617 4688 quod
1716 4640 1717 4671 i

482 4712 547 4777 saro
556 4724 670 4777 prorsus
684 4713 805 4760 euanuit.
