3725 5850
815 663 859 730 t9

262 843 465 907 coustitutum
474 840 662 904 contentiosa
672 841 818 923 hodieque
831 840 1020 903 animositate
1031 840 1172 904 custodit.
1187 840 1320 905 Sedctin
1332 840 1399 923 ipso

263 948 436 1012 simulacro
461 947 538 1011 sicut
559 948 590 1011 in
612 946 722 1009 ceteris
745 966 786 1009 cx
808 944 939 1009 assiduis
954 944 1108 1009 sacrificiis
1121 945 1264 1011 immundi
1277 946 1398 1011 daemo-

263 1075 345 1117 num
368 1053 492 1136 spiritus
513 1052 713 1135 colliguntur:
737 1050 810 1114 nihil
832 1050 910 1115 enirn
935 1062 1098 1133 operantur
1119 1051 1235 1115 animae
1256 1061 1288 1113 ct
1308 1068 1440 1117 cruorru

263 1176 317 1221 ex
331 1159 452 1223 assidua
467 1159 611 1241 pecudum
628 1157 719 1219 caede
735 1159 874 1240 profusus
897 1156 956 1221 nisi
979 1167 1011 1218 ut
1032 1157 1208 1219 daemonum
1230 1155 1398 1223 substantia

263 1264 326 1346 qui
336 1264 444 1327 diaholi
455 1264 662 1347 procreatione
670 1272 853 1346 generantur
864 1283 904 1325 ex
916 1263 977 1325 isto
989 1263 1135 1347 sanguine
1148 1262 1309 1326 nutriatur.
1322 1263 1398 1326 Nam

263 1370 336 1433 ista
358 1389 426 1432 esse
448 1369 629 1453 Porphyrius
651 1370 791 1433 defensor
811 1368 980 1433 Stoicorum
1008 1368 1104 1433 hostis
1134 1368 1182 1432 dci
1208 1368 1346 1433 ueritatis
1369 1369 1399 1431 in

265 1474 378 1538 multis
394 1476 604 1538 sceleratarum
624 1518 837 1537 ...........
857 1488 861 1561 t
878 1473 1046 1539 manifestis
1065 1472 1153 1537 nohis
1175 1473 1399 1556 probationibus
1409 1479 1523 1534 rotant

265 1580 417 1663 prodidit.
450 1579 483 1642 ln
498 1580 582 1643 libris
597 1581 676 1643 cuim
692 1602 767 1663 quos
782 1580 913 1664 appellat
926 1576 1006 1665 περὶ
1025 1582 1085 1665 τῆς
1106 1574 1142 1642 ἐκ
1162 1573 1284 1663 λογίων
1298 1577 1400 1667 φιλο·

265 1679 401 1773 σοφίας
422 1686 604 1749 maiestatem
627 1686 691 1751 eius
714 1687 888 1770 praedicans
910 1688 948 1749 de
970 1685 1142 1749 infirmitate
1163 1687 1317 1749 confessus
1340 1696 1397 1749 est.

266 1793 308 1856 ln
324 1794 427 1877 primis
443 1792 521 1857 enim
537 1791 682 1855 librorum
698 1791 831 1873 partibus
855 1790 883 1854 id
907 1801 955 1854 est
974 1790 1006 1853 io
1025 1790 1100 1874 ipsis
1123 1790 1263 1872 suspiriis
1286 1791 1400 1874 positus

267 1898 371 1962 dixitc
395 1898 516 1981 Serapis
537 1908 664 1961 uocatus
686 1905 716 1958 et
738 1895 818 1959 intra
840 1915 948 1979 corpus
971 1896 1100 1959 hominis
1115 1895 1250 1959 conlatus
1265 1896 1337 1959 talia
1352 1918 1401 1959 rc-
1427 1905 1442 1953 5

266 2004 405 2087 spondit.
443 2003 549 2065 Dicant
570 2024 649 2065 nunc
671 2001 743 2066 mihi
763 2000 871 2084 perditi
892 2002 1040 2079 homines,
1064 2002 1114 2084 qui
1137 2001 1237 2085 potior
1256 2012 1318 2065 est:
1351 2002 1401 2084 qui

269 2120 365 2173 uocat
380 2118 412 2170 et
425 2109 553 2191 imperat
567 2119 598 2171 et
613 2108 737 2173 includit
751 2128 790 2171 an
805 2108 853 2190 qui
870 2117 994 2173 uocatur
1008 2118 1040 2171 et
1054 2117 1140 2191 paret
1157 2116 1269 2171 etcum
1285 2108 1403 2173 uenerit

267 2217 306 2279 in
336 2214 529 2298 suscipientis
560 2213 686 2277 hominis
716 2234 842 2297 corpore
873 2224 1021 2297 potestate
1050 2212 1182 2277 iubentis
1218 2210 1401 2278 includitur?

270 2320 397 2384 Gratias
419 2320 547 2403 agimus,
568 2319 729 2405 Porphyri:
754 2318 841 2384 lihris
861 2320 918 2383 tuis
942 2321 1065 2384 deornm
1081 2331 1201 2383 tuorum
1223 2319 1310 2383 nohis
1330 2318 1400 2383 suh·

269 2426 415 2489 stantiam
438 2426 612 2507 prodidistia
638 2426 793 2491 didicimus
813 2445 867 2508 per
889 2436 919 2489 te
942 2436 1089 2507 quatenus
1111 2426 1150 2489 dii
1169 2426 1211 2490 tui
1233 2425 1443 2491 hominihusto

269 2530 444 2595 iuhentihus
466 2531 610 2595 seruiant.
644 2532 764 2615 Serapis
787 2542 854 2595 tuus
878 2530 914 2593 ah
936 2531 1055 2595 homine
1076 2541 1204 2595 uocatur
1224 2541 1255 2593 et
1272 2530 1356 2593 uenit
1371 2542 1403 2593 et

270 2656 341 2699 cum
357 2638 474 2700 uenerit
490 2636 591 2699 autina
607 2638 707 2699 iussus
723 2635 884 2699 includitur
899 2646 930 2697 et
945 2636 1085 2716 loquendi
1100 2636 1265 2698 necessitas
1286 2634 1401 2700 uolenti

270 2742 402 2809 forsitan
425 2742 600 2824 imperatur.
640 2740 689 2803 Sic
711 2750 782 2822 aput
802 2760 858 2803 nos
879 2741 953 2803 deos
974 2750 1105 2815 uestros,
1138 2760 1206 2802 cum
1233 2738 1402 2803 hominihus

271 2866 388 2910 nocere
403 2845 568 2929 coeperint,
587 2844 723 2929 religiosi
738 2844 886 2909 sermonis
902 2843 1020 2926 flagella
1035 2844 1202 2928 castigant3
1227 2843 1270 2908 sic
1285 2844 1318 2908 in
1333 2866 1401 2908 cor-

271 2973 349 3035 pore
365 2952 516 3016 hominum
534 2951 687 3016 constituti
703 2951 744 3016 dii
760 2950 852 3014 uestri
865 2949 1015 3014 uerhodei
1027 2949 1205 3033 spiritalium
1217 2951 1400 3018 flammarum
1412 2963 1443 3013 15

271 3059 346 3141 igne
368 3067 547 3138 minuentur
566 3057 660 3138 etqui
682 3066 753 3140 aput
768 3075 823 3120 uos
839 3055 924 3137 quasi
941 3055 982 3118 dil
998 3055 1147 3133 coluntur,
1173 3068 1245 3140 aput
1258 3079 1314 3121 nos
1329 3058 1401 3122 reli·

272 3164 377 3246 gipsae
399 3162 468 3225 fidei
490 3163 603 3228 medela
620 3163 733 3228 Christi
754 3162 850 3246 gratia
874 3162 1002 3230 humano
1023 3160 1212 3226 subiacentes
1230 3165 1355 3246 imperio
1372 3175 1402 3227 ct

272 3279 424 3332 tormenta
439 3277 640 3351 repugnantes
656 3267 807 3332 sustinent
822 3276 852 3329 et
868 3265 937 3332 uicti
952 3265 1057 3350 poenis
1073 3268 1228 3334 ultricibus
1240 3269 1401 3353 subiugan-

274 3385 336 3436 tur.
376 3373 499 3438 Penates
522 3373 611 3436 ctiam
635 3374 685 3456 qai
707 3376 769 3439 sint
788 3372 941 3455 explicare
964 3374 1140 3436 contendam
1162 3375 1292 3454 nequid
1314 3395 1333 3436 a
1353 3395 1445 3462 me[0.
1459 3398 1513 3463 tn]

274 3479 518 3561 praetermissum
542 3484 621 3559 [csse
645 3479 790 3544 uideatur.
822 3477 878 3556 Qui
902 3477 975 3542 nihil
998 3478 1078 3542 aliud
1095 3482 1208 3560 putant]
1225 3498 1293 3542 esse
1310 3481 1444 3556 ullamne

275 3583 336 3646 nisi
349 3584 490 3646 uescendi
512 3592 542 3647 et
556 3583 676 3665 potandi
693 3584 840 3648 licentiam
857 3584 911 3648 hos
926 3583 983 3648 sihi
998 3584 1072 3646 deos
1088 3605 1129 3648 ex
1142 3584 1312 3667 cupiditatis
1327 3607 1401 3653 suae

275 3687 442 3752 humilitate
458 3687 629 3751 hauserunt
643 3687 824 3754 nutrimenta
840 3689 974 3772 corporis
989 3709 1064 3772 quae
1079 3709 1121 3752 cx
1138 3689 1308 3756 cottidianis
1330 3713 1401 3776 epu·

274 3794 313 3857 lis
336 3801 548 3876 comparantur
569 3793 625 3856 hoc
646 3793 766 3857 nomine
789 3814 842 3876 pro
872 3794 970 3863 salute
999 3794 1149 3860 hominum
1176 3807 1398 3862 consecrantes.

275 3897 352 3976 Quia
375 3917 427 3982 per
451 3898 551 3982 epulas
575 3898 709 3981 corporis
733 3897 864 3962 reficitur
886 3899 1041 3964 infirmitas
1064 3900 1205 3964 alimenta
1221 3903 1316 3966 solum
1333 3923 1401 3968 csse

276 4005 363 4068 deum
377 4014 563 4067 sancxerunt
580 4012 586 4088 t
606 4002 775 4069 nescientes
791 4003 884 4072 diuini
897 4004 1012 4070 oraculi
1027 4006 1196 4070 aeduum.
1230 4007 1303 4071 Cum
1320 4008 1397 4070 enim
1408 4021 1524 4074 retur.

277 4109 413 4174 dominus
435 4109 519 4174 lesus
536 4108 675 4174 Christus
697 4128 764 4175 cum
787 4108 903 4178 diaholo
926 4131 980 4193 pro
1004 4122 1109 4178 nostra
1130 4112 1228 4176 salute
1251 4111 1400 4176 sollicitus

345 4331 376 4381 21
393 4330 515 4394 pecodum
551 4332 584 4384 at
597 4334 716 4396 opattam
729 4347 844 4382 saeuam
858 4329 898 4384 ad.
909 4346 954 4398 ps.
967 4334 1094 4400 aepleua't
1103 4333 1264 4400 inpietatem
1278 4335 1400 4402 scriptis:

277 4413 324 4464 aed
334 4414 412 4464 uliud
424 4415 489 4480 qnid
499 4418 593 4483 saa'ase
605 4420 632 4468 a'n
645 4416 703 4468 cod.
717 4420 841 4484 apparat.
982 4418 999 4467 l
1010 4417 1136 4483 auspiciis
1153 4418 1313 4486 imposturae
1330 4426 1400 4474 coni.

279 4498 309 4548 G.
325 4497 382 4548 Wc
393 4498 422 4550 tt
428 4499 439 4548 l
449 4501 608 4569 (Porphyrii
618 4501 747 4567 reliquiae
755 4517 786 4566 p.
803 4497 875 4564 lll).
948 4501 975 4552 ll
991 4500 1163 4554 *inuentibus
1241 4505 1272 4558 ll
1285 4508 1402 4558 medelas

280 4584 310 4636 ll
325 4583 451 4636 Pueriles
533 4586 565 4640 20
578 4585 605 4653 [J
618 4584 705 4640 *orma
719 4587 760 4636 ed.
773 4601 818 4654 pr.
831 4588 874 4636 ita
886 4589 1026 4655 retituet.-
1040 4602 1072 4638 ne
1083 4586 1144 4656 qaid
1157 4603 1173 4639 a
1184 4604 1226 4642 ne
1239 4591 1276 4644 sit
1287 4603 1401 4658 praeter·

277 4669 392 4719 missum.
419 4667 467 4732 Qui
480 4669 543 4720 nihil
557 4669 627 4720 aliud
641 4678 733 4736 putant

1156 4758 1192 4816 20
