3725 5850
1031 640 1079 711 34

494 824 599 888 mortis
614 823 817 887 dominaretur
830 822 1014 907 inprobitas,
1036 844 1073 886 ne
1088 821 1236 886 iustorum
1252 822 1390 886 meritum
1406 844 1447 887 ex
1464 824 1554 908 longa
1571 826 1623 889 de·

493 929 665 1012 speratione
686 928 873 1005 ooneideret,
903 929 995 1012 tregit
1016 928 1145 992 olaustra
1175 940 1318 1012 perpetua
1338 938 1370 991 et
1396 930 1517 994 terrere
1539 933 1623 995 tores

493 1034 614 1098 Christo
636 1034 756 1097 iubente
778 1030 940 1118 conlapsae
962 1044 1051 1099 suot:
1076 1050 1148 1097 eoee
1169 1044 1252 1098 terra
1272 1035 1454 1099 contremuit
1468 1046 1501 1099 et
1515 1037 1623 1101 funda·

452 1148 660 1205 ramentorum
683 1154 807 1205 suerum
827 1141 989 1204 stabilitate
1016 1157 1164 1204 oeneussa
1183 1139 1353 1224 praemunis
1372 1138 1487 1205 Chriui
1509 1162 1621 1207 numen

368 1260 483 1317 notan.
493 1246 635 1330 agnouit,
663 1250 670 1325 1
694 1256 763 1309 ante
778 1243 964 1329 praefinitum
980 1256 1096 1330 tempus
1119 1245 1297 1330 praecipitat
1311 1246 1389 1309 diem
1404 1248 1506 1311 muudi
1520 1259 1621 1311 rotata

490 1350 609 1437 uertigo
630 1359 661 1413 et
681 1352 728 1414 sol
748 1365 808 1414 nou
829 1351 978 1435 eompleto
999 1351 1173 1415 diurnarum
1189 1352 1331 1415 bonarum
1345 1352 1444 1435 spatio
1458 1364 1620 1435 properato

491 1475 582 1520 eursu
598 1456 697 1537 uergit
711 1457 743 1519 iu
759 1468 894 1520 noetem=
920 1477 991 1521 eeee
1011 1456 1071 1521 oeli
1090 1458 1208 1541 insumo
1224 1476 1339 1521 summa
1353 1458 1507 1520 finduntur
1520 1470 1554 1521 et
1568 1459 1621 1521 ob-

491 1561 673 1626 scurioribus
682 1562 814 1625 tenebris
826 1563 928 1626 orbem
941 1574 1089 1627 terrarum
1101 1563 1198 1646 saligo
1210 1564 1307 1626 noetis
1319 1562 1486 1625 abscondit.
1512 1563 1621 1627 Omnia

452 1686 467 1735 o
491 1668 639 1731 elementa
661 1667 787 1755 Christo}
801 1678 953 1753 pugnante
975 1669 1097 1733 turbata
1118 1678 1207 1745 sunt,
1240 1677 1313 1731 tune
1333 1668 1449 1731 soilieet
1468 1688 1536 1732 eum
1559 1673 1621 1754 pri·

490 1765 570 1836 mum
592 1781 697 1838 eontra
717 1776 823 1837 mortis
843 1776 1031 1859 tyrannidem
1061 1774 1221 1837 humanum
1242 1794 1352 1856 eorpus
1373 1772 1515 1837 armauit.
1562 1776 1621 1839 Per

489 1878 620 1943 triduum
643 1879 701 1943 ista
723 1880 944 1945 eonllietatione
966 1889 1125 1964 pugnatum
1148 1889 1196 1943 est
1216 1878 1356 1960 quamdin
1372 1897 1453 1941 mors
1468 1882 1620 1963 superatis

489 1985 621 2050 malitiae
642 2004 714 2049 sune
735 1987 850 2051 uiribus
873 1989 1078 2070 frangeretur.
1117 1981 1193 2064 Quid
1216 1984 1305 2047 solita
1320 1984 1509 2067 inpatientia,
1528 1986 1620 2050 bomo

488 2092 644 2174 religiose,
669 2092 757 2154 homo
779 2091 911 2171 Christi,
941 2094 1084 2176 desperas
1106 2101 1138 2156 et
1159 2090 1281 2153 delicis?
1306 2088 1398 2152 tridui
1420 2109 1536 2153 moram
1557 2112 1620 2156 uon

448 2196 575 2264 1oiors?
595 2192 824 2260 sollicitudinem
849 2218 885 2260 eo
906 2198 1145 2279 desperationem
1166 2208 1246 2261 tuam
1268 2194 1356 2258 nouis
1372 2194 1510 2278 preeibus
1527 2199 1620 2260 eond-

488 2301 587 2363 terisr
622 2300 686 2363 tloo
707 2310 738 2363 te
761 2304 908 2365 laetorum
928 2318 998 2367 esse
1019 2303 1072 2366 illo
1092 2303 1142 2367 die
1164 2296 1432 2386 spiritus'sauetus
1444 2304 1620 2367 ueneranda

374 2419 563 2487 [psalmuoee
585 2405 735 2489 signifieat
755 2426 822 2470 eum
844 2426 897 2491 per
911 2408 1005 2471 Dauid
1027 2409 1116 2473 dieite
1137 2402 1303 2473 ‘aestimati
1326 2428 1428 2471 sumus
1449 2407 1528 2470 sieut
1542 2428 1618 2473 oues

368 2489 462 2613 234-32'7.
489 2512 661 2577 oeeisiouis.
699 2512 856 2596 Exsurge,
887 2532 982 2596 quere
1003 2514 1172 2591 obdormis,
1201 2512 1342 2577 domiue?
1369 2531 1503 2596 exsurge
1526 2523 1558 2577 et
1579 2534 1618 2579 ne

488 2618 642 2703 disperdas
663 2619 809 2701 usquead
831 2620 931 2682 tinem.
971 2620 1071 2700 Quare
1085 2621 1191 2684 faeiem
1205 2630 1287 2683 tuam
1301 2616 1439 2681 auertisl
1459 2619 1618 2683 obliuisee·

447 2726 531 2801 1pris
552 2726 684 2809 inopiam
706 2734 840 2787 nostrum
864 2736 894 2788 et
915 2724 1158 2805 tribulationem,
1181 2726 1320 2809 quoniam
1342 2722 1498 2786 humiliata
1516 2735 1566 2789 est
1585 2726 1618 2788 in

488 2830 611 2913 puluere
627 2830 727 2892 anima
742 2840 859 2909 nostre,
877 2829 974 2895 haesit
987 2832 1019 2894 iu
1034 2842 1117 2894 terra
1132 2841 1240 2894 uenter
1252 2840 1369 2893 noster.
1408 2828 1549 2913 Exsurge
1564 2831 1618 2893 do·

488 2935 579 3012 mine,
604 2949 689 3018 opem
711 2935 758 2996 ter
778 2934 864 2998 nobis
886 2947 916 2999 et
936 2936 1031 2999 libera
1051 2957 1107 3001 nos
1128 2950 1251 3022 propter
1265 2954 1374 3000 nomeu
1396 2928 1502 2998 tunm?
1538 2937 1618 3000 Eoee

487 3050 556 3124 post
570 3041 701 3103 triduum
717 3040 844 3102 tueitior
865 3059 882 3102 a
904 3041 995 3105 solito
1009 3042 1076 3106 dies
1090 3043 1189 3108 oritur
1210 3053 1242 3106 et
1255 3041 1371 3106 reddita
1386 3040 1444 3105 soli
1458 3043 1617 3124 praeteriti

487 3145 608 3210 luminis
636 3144 750 3228 gratian
786 3146 977 3230 omnipotens
1006 3148 1080 3211 deus
1107 3149 1244 3214 Christus
1270 3145 1519 3232 splendidioribus
1540 3148 1617 3212 solis

443 3277 477 3330 20
486 3250 580 3316 radiis
595 3252 757 3330 adoratur3
782 3252 898 3315 exultat
912 3253 1046 3320 selnmre
1055 3272 1166 3317 numen
1178 3266 1210 3318 et
1224 3251 1417 3336 uiumpbeles
1426 3271 1536 3316 ourrus
1548 3252 1617 3317 eius

375 3367 464 3435 [epist.
485 3359 631 3422 iustorum
651 3377 687 3422 eo
709 3367 881 3422 sanatorum
904 3358 991 3422 turba
1011 3360 1182 3424 eomitatur.
1221 3358 1307 3421 Tune
1328 3357 1408 3420 elato
1429 3358 1539 3441 gaudio
1552 3359 1617 3422 ela·

370 3435 469 3568 ‘'pfffg‘·
486 3475 549 3526 mat
569 3464 649 3528 eluta
671 3465 858 3528 mortalitasr
879 3459 945 3529 ‘ubi
966 3475 1025 3544 est,
1050 3485 1144 3542 mors,
1167 3463 1291 3529 seuleus
1312 3454 1415 3526 tuus'l
1435 3473 1505 3526 tune
1526 3483 1616 3546 prae-

393 3544 457 3639 ⁵⁵·l'
487 3586 611 3632 eurrens
641 3569 773 3634 salutare
800 3589 910 3636 numen
931 3571 1042 3655 aperiri
1066 3570 1123 3634 sibi
1152 3570 1298 3634 eoelestes
1319 3569 1427 3632 ianuas
1448 3569 1614 3653 praecipit:

484 3672 612 3754 aperite,
636 3675 752 3758 aperite
772 3687 804 3739 et
830 3677 1002 3740 inmortalia
1021 3675 1155 3739 elaustro
1177 3674 1356 3753 eonuellite3
1379 3671 1519 3739 uomens
1539 3677 1616 3739 deus

361 3773 599 3846 sunnonem
633 3777 639 3863 Ι
670 3789 767 3842 morte
788 3781 824 3844 nd
847 3783 963 3845 eaelum
991 3781 1140 3845 bominem
1170 3801 1257 3864 mem
1280 3789 1455 3864 susmperat
1474 3789 1612 3842 renomt.

484 3881 548 3946 lloe
562 3903 580 3946 a
595 3887 769 3948 uenerando
784 3887 929 3970 propbeta
950 3897 1053 3950 saneta
1068 3906 1145 3950 uooe
1167 3888 1358 3970 praeeanitur
1371 3895 1404 3948 et
1417 3905 1459 3948 ex
1472 3903 1528 3946 ore
1543 3903 1615 3966 pro·

484 3988 602 4070 pbetion
625 4008 687 4052 uox
706 3985 998 4072 iubentisauditnra'
1024 3994 1068 4056 tit
1081 3993 1160 4056 enirn
1184 3991 1308 4076 spiritus
1323 3999 1448 4054 sanetus
1473 3999 1509 4053 ut
1525 3988 1614 4052 nobis

370 4093 635 4241 ppsspnplioentiam
667 4095 780 4158 Gbristi
809 4097 939 4161 iubentis
966 4099 1159 4162 ostenderet:
1186 4089 1298 4160 ‘tollite
1318 4107 1439 4180 portas,
1462 4093 1615 4179 prinoipes

408 4210 415 4238 ,
443 4209 450 4226 .

552 4333 767 4387 mensuretur
801 4335 954 4388 ttiuueote
988 4337 1022 4391 25
1036 4348 1127 4387 nomeu
1162 4335 1281 4402 topatii
1316 4334 1350 4385 lb
1365 4331 1430 4384 loris
1468 4331 1614 4384 liuberti·

483 4416 518 4471 tt
530 4417 670 4470 oonbellite
740 4424 757 4474 4
770 4422 911 4490 principis:
932 4421 1005 4487 quod
1012 4424 1098 4487 proruo·
1106 4418 1253 4487 respondet
1264 4423 1301 4470 a'e's
1317 4433 1387 4484 quas
1399 4417 1475 4482 opud
1484 4414 1562 4468 LXX
1578 4415 1616 4466 te-

483 4505 591 4564 guntur
613 4499 640 4551 ot
663 4494 796 4573 ἄρχοντες
818 4501 914 4576 opor:
944 4507 1014 4558 idem
1038 4513 1107 4558 teste
1132 4503 1282 4556 Subatierio
1302 4503 1455 4570 (bibliorum
1478 4513 1613 4551 uterorum

482 4583 581 4635 latione
594 4586 731 4644 uemiones
744 4591 866 4657 autiquae
884 4599 946 4643 tom.
961 4589 994 4656 ll,
1013 4605 1039 4660 p.
1054 4590 1100 4656 tt)
1122 4589 1221 4655 legitur
1238 4589 1306 4658 apud
1322 4588 1485 4642 Ambrosium
1504 4584 1550 4651 (de
1562 4583 1612 4634 nus

483 4668 551 4720 libro
564 4667 636 4736 llll).
