3725 5850
835 679 905 734 Vllll

305 848 426 931 scripta.
457 847 548 911 Vides
563 848 656 932 igitur
672 850 778 913 eodem
799 859 932 934 tempore
948 870 1005 932 quo
1027 849 1146 916 libellus
1161 852 1198 916 de
1214 870 1319 915 errore
1333 856 1432 938 prola·

304 976 406 1017 narum
429 955 608 1039 religionum
633 957 822 1039 conscriptus
845 968 910 1037 est,
935 958 1097 1021 Firmioum
1116 958 1353 1022 mathematicum
1369 981 1432 1023 ma·

304 1060 423 1124 theseos
444 1060 529 1123 libris
550 1063 761 1145 componendis
784 1063 877 1128 luisse
899 1074 1097 1145 occupatum,
1131 1065 1210 1127 uude
1231 1064 1297 1127 luce
1320 1064 1438 1135 clarius,

304 1179 370 1241 est,
399 1189 460 1230 non
484 1188 551 1233 esse
574 1168 735 1231 abeodem
759 1181 882 1233 auctore
905 1166 1106 1251 conscriptum
1127 1180 1288 1251 utrumque
1312 1171 1429 1235 librum.

303 1272 533 1337 Mathematicus
556 1275 634 1337 enim
652 1296 827 1358 quamquam
849 1277 880 1339 in
896 1275 983 1338 fidem
1000 1275 1200 1340 Christianam
1222 1295 1367 1357 nusquam
1388 1277 1433 1339 in-

304 1379 437 1458 uehitur,
461 1392 561 1444 tamen
583 1380 613 1443 in
635 1381 771 1445 omnibus
794 1382 939 1445 librorum
961 1380 1093 1465 partibus
1108 1401 1141 1444 se
1157 1402 1303 1464 paganum
1319 1400 1386 1444 esse
1402 1392 1434 1444 et

303 1484 587 1568 Neoplatonicorum
616 1486 749 1550 maxime
778 1487 893 1571 placitis
929 1489 1078 1553 addictum
1108 1486 1221 1571 apertis
1249 1487 1433 1552 testimoniis

304 1591 422 1675 prodit;
448 1613 539 1674 quare
563 1592 614 1655 lib.
633 1593 657 1672 Ι,
682 1593 747 1656 (1.3
771 1615 799 1676 p.
818 1593 839 1658 9
860 1594 1023 1671 Plotinum,
1048 1594 1134 1657 cuius
1149 1593 1213 1676 ipse
1229 1592 1433 1657 familiaritate

304 1718 377 1761 usus
393 1718 460 1761 esse
478 1699 607 1775 uidetur,
631 1701 748 1782 magnis
767 1699 903 1763 laudibus
927 1700 1064 1778 extollit,
1088 1699 1156 1763 libri
1172 1699 1224 1763 Vll
1247 1699 1433 1782 praefatione

304 1805 347 1885 (p.
369 1800 443 1883 193)
467 1804 680 1888 Porphyrium,
707 1806 803 1887 quiin
819 1806 871 1868 lib.
890 1807 925 1868 de
942 1826 1002 1868 err.
1021 1808 1097 1888 prol.
1116 1807 1173 1870 rel.
1200 1805 1432 1887 (10123323)

304 1908 401 1971 hostis
424 1910 477 1971 dei
497 1913 644 1973 ueritatis
665 1913 762 1988 audit,
787 1923 925 1975 nostrum
950 1921 1056 1991 uocat,
1082 1913 1132 1993 qui
1151 1906 1252 1995 ‘opud
1269 1910 1433 1997 Pythago·

303 2038 398 2080 rocos
420 2018 575 2100 religiosa
601 2019 776 2101 epulantem
800 2022 936 2085 colmam
957 2028 1097 2081 nostrum
1119 2020 1245 2081 silentio
1267 2027 1433 2087 consecra*

304 2114 375 2185 ult.²
405 2122 596 2204 Templorum
618 2123 797 2206 spoliatores
813 2145 831 2186 a
846 2124 1056 2187 mathematico
1082 2123 1149 2204 (lib.
1167 2123 1218 2201 ΙΙΙ,
1243 2147 1270 2188 c.
1288 2104 1310 2187 8'
1331 2146 1360 2207 p.
1375 2122 1430 2186 70.

304 2228 344 2289 cl.
369 2247 396 2288 c.
417 2225 473 2304 13,
496 2249 524 2311 p.
544 2228 599 2311 77)
622 2230 806 2312 irreligiosi,
837 2230 975 2312 sacrilegi
1004 2240 1035 2293 et
1057 2230 1239 2296 damnabiles
1262 2241 1429 2296 uocanturz

305 2343 412 2396 auctor
433 2333 525 2397 libelli
548 2336 583 2397 de
609 2356 671 2399 err.
696 2338 772 2420 prol.
798 2338 855 2399 rel.
881 2336 948 2419 (fol.
974 2334 1045 2413 30⁸,
1071 2335 1110 2402 19
1132 2340 1214 2419 sqq.)
1235 2338 1432 2421 imperatores

305 2450 493 2514 commonet,
519 2453 552 2503 ut
573 2442 750 2525 templorum
773 2452 949 2506 ornamenta
972 2442 1080 2505 tollant
1095 2453 1125 2506 et
1140 2444 1265 2507 donaria
1287 2443 1431 2507 uniuersa

306 2547 343 2608 ad
360 2545 517 2610 utilitatem
536 2568 620 2611 suam
637 2547 857 2629 dominiumque
872 2549 1067 2611 transferant.
1092 2548 1225 2631 Adparet
1240 2548 1312 2612 haec
1328 2548 1364 2611 ab
1381 2570 1432 2611 eo-

304 2653 369 2713 dem
387 2651 506 2714 homine
528 2652 580 2715 uix
606 2653 697 2735 longo
719 2654 862 2735 temporis
877 2654 974 2737 spatio
993 2654 1172 2732 interiecto,
1197 2656 1306 2716 nedum
1326 2654 1432 2716 eodem

304 2767 439 2840 tempore
461 2758 551 2820 scribi
574 2758 717 2841 putuisse.
757 2757 859 2839 ltaque
884 2778 951 2820 cum
971 2759 1141 2822 matheseos
1162 2758 1305 2822 librorum
1326 2770 1433 2823 auctor

304 2862 335 2926 iu
357 2862 552 2946 inscriptione
574 2863 658 2928 libris
680 2862 745 2927 suis
768 2863 903 2948 praefixa
926 2874 957 2928 et
975 2864 1007 2928 in
1029 2864 1249 2950 subscriptione
1267 2866 1303 2929 ad
1320 2864 1431 2929 calcem

303 2970 370 3034 libri
388 2971 455 3034 Vlll
478 2971 575 3054 posita
599 2970 690 3033 lulius
711 2971 856 3034 Firmicus
871 2970 1025 3034 Maternus
1041 2971 1143 3035 Iunior
1157 2972 1276 3037 Siculus
1291 2971 1346 3035 Vir
1362 2972 1431 3035 Cla·

303 3077 441 3141 rissimus
457 3077 628 3140 nominetur
635 3078 682 3159 *),
705 3085 758 3158 aut
773 3077 866 3138 frater
881 3087 932 3139 aut
948 3078 1147 3142 consobrinus
1167 3079 1293 3143 alterius
1308 3079 1431 3143 Firmici
1511 3105 1522 3126 =

304 3182 397 3247 fuisse
419 3184 565 3266 putandus
588 3182 663 3259 erit3
688 3182 850 3244 similitudo
875 3194 973 3246 autem
994 3205 1082 3266 quam
1109 3183 1190 3248 iuter
1209 3187 1364 3270 utriusque
1387 3187 1431 3250 di-

305 3290 391 3352 uendi
410 3288 556 3352 rationem
572 3289 760 3352 intercedere
782 3289 1023 3372 supradiximus
1044 3292 1182 3355 facillime
1205 3295 1375 3376 explicatur
1388 3294 1431 3357 ita

304 3407 337 3458 ut
352 3416 404 3459 cos
416 3395 623 3458 adulescentes
636 3395 738 3458 eadem
750 3395 903 3458 doctrinae
918 3395 1108 3460 institutione
1119 3400 1263 3463 lormatos
1280 3411 1311 3462 et
1326 3401 1431 3464 eodem

304 3501 378 3565 artis
395 3500 563 3564 rhetoricae
578 3502 722 3584 magistro
739 3523 810 3566 usos
828 3520 895 3564 csse
910 3511 1092 3566 statuamus.
1393 3501 1396 3507 ’

390 3607 451 3670 lam
469 3618 502 3670 ut
516 3608 609 3670 uerbo
626 3607 719 3670 dicam
737 3608 825 3671 etiam
848 3608 884 3669 de
900 3607 1081 3671 testimoniis
1096 3629 1252 3674 sacrarum
1268 3611 1431 3677 lectionum

303 3713 339 3777 ab
357 3724 480 3776 auctore
495 3712 589 3776 libelli
605 3714 641 3775 de
658 3734 761 3776 errore
785 3715 979 3799 profanarum
994 3700 1174 3798 religionum
1191 3717 1317 3799 prolatis
1333 3720 1430 3784 mani·

304 3820 413 3882 lestum
430 3829 477 3881 est
491 3819 650 3882 Firmicum
672 3839 758 3882 usum
774 3840 842 3884 esse
864 3830 968 3884 uetere
983 3820 1035 3884 illa
1057 3820 1200 3907 librorum
1215 3845 1369 3888 sacrorum
1384 3825 1430 3889 in·

304 3925 520 4009 terpretatione
536 3926 641 3989 Latina
658 3926 790 3989 secundo
812 3948 842 4009 p.
860 3925 932 3990 Chr.
959 3948 989 3989 n.
1008 3929 1128 3992 saeculo
1143 3930 1175 3992 in
1189 3930 1292 3994 Africa
1307 3942 1378 3994 nata
1394 3933 1430 3996 de

373 4175 395 4238 ·)
415 4174 493 4226 Teste
508 4175 575 4225 Lilio
589 4171 703 4239 Gyraldo
717 4172 761 4235 (de
775 4180 842 4238 poet.
858 4173 920 4224 bist.
936 4172 980 4233 ΙΙΙ,
994 4191 1019 4241 p.
1037 4176 1099 4240 155,
1120 4193 1194 4243 quem
1208 4179 1290 4228 locum
1304 4178 1431 4230 indicauit

303 4259 440 4311 Fabricius
460 4259 522 4312 bibl.
546 4261 593 4310 lat.
613 4258 663 4322 lll,
684 4274 709 4324 p.
726 4257 788 4321 114)
806 4259 1003 4310 mathematicus
1027 4261 1054 4310 in
1078 4269 1229 4328 perueturto
1248 4263 1339 4315 codice
1358 4271 1386 4316 ot
1404 4265 1430 4316 iu

304 4346 409 4412 antiquo
428 4361 492 4398 saxo
511 4349 567 4397 eius
587 4344 687 4394 nomino
701 4341 824 4408 inscripto
837 4341 932 4394 Villius
946 4344 1075 4397 Firmicus
1094 4347 1253 4399 nominatur:
1273 4358 1301 4401 at
1318 4352 1364 4402 uix
1383 4351 1431 4402 du-

304 4431 357 4483 bito
376 4433 435 4498 quin
455 4433 550 4483 codicis
565 4431 642 4481 lectio
661 4428 744 4479 errori
763 4428 863 4479 scribae
882 4429 1019 4495 debeatur,
1039 4432 1183 4498 inscriptio,
1202 4435 1225 4484 si
1245 4451 1308 4487 uera
1326 4445 1378 4502 est,
1398 4438 1430 4488 cd

143 4530 146 4549 t
243 4555 248 4566 .
304 4518 382 4567 allum
402 4519 529 4569 bominem
548 4517 583 4567 sit
602 4513 751 4565 relerendc.
777 4513 835 4565 lulii
853 4531 944 4566 nomen
959 4516 1138 4567 mathematico
1152 4519 1246 4570 tribuit
1264 4522 1343 4572 etlam
1357 4521 1431 4572 Sido-

304 4602 362 4652 nius
375 4602 532 4669 Apollinaris
551 4600 635 4668 prael.
656 4615 736 4651 carm.
756 4601 790 4658 22
810 4599 846 4669 (p.
864 4601 913 4654 388
933 4603 975 4653 ed.
990 4601 1149 4670 sirmond),
1169 4606 1235 4671 quod
1253 4608 1429 4659 testimonium

304 4687 354 4737 iam
368 4687 495 4738 excitauit
507 4688 575 4739 idem
588 4687 737 4739 Fabricius.
