3725 5850
990 596 1037 666 tt

452 803 560 847 nomeu
582 801 681 845 meum
705 781 836 843 lumenta
858 780 1040 863 subpeditet.
1071 779 1117 843 Ad
1138 778 1258 841 initium
1280 779 1379 842 dicia
1403 781 1459 843 deo
1484 783 1595 845 lactus

453 910 530 962 sum,
555 888 610 951 hcc
631 886 701 949 mihi
726 887 832 949 sufficit
851 886 965 949 solumz
991 884 1061 968 quid
1084 904 1131 947 me
1151 884 1271 948 honesti
1286 888 1420 949 muueris
1434 887 1596 969 dignitate

454 994 597 1079 priuatis?
617 992 707 1056 Aliud
723 1014 770 1057 me
786 993 859 1055 deus
874 991 957 1069 lecit,
973 992 1053 1054 aliud
1069 1011 1137 1055 esse
1152 992 1252 1067 iussit,
1268 1002 1299 1053 et
1314 1013 1370 1056 uos
1386 1012 1434 1053 me
1450 1014 1506 1076 pro
1518 994 1596 1057 libi-

455 1100 523 1164 dine
539 1111 642 1165 uestra
657 1099 801 1173 diniditis,
820 1120 873 1180 pro
888 1098 1006 1161 arbitrii
1021 1099 1115 1161 uestri
1129 1098 1292 1181 eupiditate
1306 1097 1460 1162 laceratis.
1492 1100 1594 1179 Quic-

414 1206 524 1288 unquid
545 1227 610 1269 sum
631 1205 807 1288 simpliciter
830 1224 921 1287 pareo
942 1224 998 1267 uec
1012 1203 1090 1267 aliud
1114 1204 1185 1267 uolo
1205 1204 1242 1267 dc
1258 1224 1306 1265 me
1327 1202 1510 1287 intellegatis
1525 1208 1591 1270 nisi

456 1313 533 1397 quod
556 1312 681 1375 uidetisa
708 1314 763 1376 hoc
779 1312 834 1373 deo
849 1321 967 1395 gratum
983 1321 1043 1387 est,
1065 1309 1122 1373 hoc
1143 1313 1217 1374 deus
1238 1310 1368 1372 libenter
1382 1310 1589 1392 amplectitur,

458 1420 514 1483 hoc
530 1419 665 1482 homiues
679 1420 715 1480 ad
732 1416 837 1482 salutis
854 1415 931 1479 uiam
947 1415 1041 1494 ducit,
1065 1416 1094 1479 si
1113 1416 1254 1501 proiectis
1270 1414 1423 1479 amoribus
1444 1416 1494 1479 dei
1514 1440 1591 1499 gra-

459 1526 530 1590 tiam
551 1523 727 1608 simpliciter
748 1546 783 1589 ao
805 1522 932 1587 bdeliter
951 1521 1108 1585 hauriatis.
1142 1521 1223 1585 llaec
1237 1522 1366 1603 quidem,
1388 1523 1591 1585 sacratissimi

459 1631 667 1714 imperatores,
686 1629 879 1713 ethopoeiam
894 1629 935 1691 mi
950 1648 1090 1692 sermone
1101 1628 1217 1691 dixisse
1227 1628 1366 1690 sufficiat.
1384 1628 1424 1689 At
1438 1647 1495 1710 ego
1507 1651 1592 1691 nuuc

417 1753 450 1804 tt
464 1756 616 1801 sacrarum
639 1736 799 1800 lectionum
820 1735 1010 1800 institutione
1033 1736 1177 1798 formatus
1199 1733 1332 1817 perditos
1355 1732 1491 1798 homiues
1515 1736 1592 1799 reli-

336 1860 455 1912 Futtdt
465 1841 550 1927 gioso
565 1864 704 1907 sermone
721 1840 897 1935 lcouuenio.
920 1840 953 1904 Si
968 1840 1008 1904 dii
1024 1853 1094 1904 suut
1108 1862 1183 1924 quos
1201 1839 1311 1917 calibs,
1321 1861 1377 1903 cnr
1391 1860 1445 1904 eos
1459 1842 1594 1925 lugetis?

464 1971 519 2013 cur
534 1969 585 2013 eos
601 1950 708 2013 annuis
725 1950 854 2013 luctibus
871 1949 1032 2033 plangitis?
1060 1948 1091 2011 Si
1107 1946 1238 2011 lacrimis
1253 1967 1288 2008 ac
1303 1946 1386 2009 luctu
1401 1946 1482 2030 digni
1505 1960 1589 2025 snut,

463 2076 518 2119 our
532 2074 584 2120 eos
600 2056 702 2119 diuino
724 2056 837 2118 honore
861 2054 1043 2119 cumulatis?
1064 2054 1161 2118 Vnum
1182 2054 1284 2135 itaquo
1306 2072 1323 2114 e
1344 2053 1459 2116 duobus
1480 2054 1588 2117 facite:

463 2173 514 2225 aut
527 2162 622 2224 nolite
638 2180 690 2223 eos
706 2161 809 2245 lugere
826 2162 851 2225 si
872 2160 912 2223 dii
928 2171 1010 2238 snut,
1033 2172 1085 2225 aut
1100 2161 1126 2224 si
1141 2160 1223 2223 luctu
1238 2178 1291 2221 cos
1306 2157 1414 2241 dignos
1430 2162 1540 2242 putatis
1556 2183 1591 2225 ac

424 2284 439 2333 5
465 2268 596 2332 lacrimis
619 2268 691 2331 deos
712 2288 765 2331 eos
788 2266 938 2352 appellare
959 2266 1065 2343 nolite,
1088 2287 1126 2329 ue
1141 2265 1268 2329 luctibus
1283 2287 1319 2328 ac
1332 2264 1464 2329 lacrimis
1479 2268 1592 2330 uestris

467 2372 607 2437 maiestas
622 2372 715 2436 diuini
732 2372 861 2436 nominis
878 2371 1037 2456 polluatur.
1066 2372 1124 2435 Sed
1139 2372 1207 2454 quia
1223 2392 1307 2435 mens
1323 2372 1439 2457 perdita
1453 2382 1485 2435 et
1499 2373 1594 2437 scelc·
1694 2379 1695 2384 ’

466 2488 550 2543 ratae
574 2478 742 2562 cupiditatis
763 2479 877 2562 laqueis
898 2479 1047 2562 implicata
1069 2478 1150 2541 nulla
1172 2488 1269 2562 potest
1296 2478 1413 2542 ratione
1439 2481 1593 2558 reuocari,

468 2605 631 2670 persequar
653 2596 765 2663 cetera,
791 2595 824 2649 nt
847 2584 1000 2670 publicatis
1016 2584 1154 2647 omuibus
1175 2595 1265 2667 atque
1285 2584 1412 2648 detectis
1427 2605 1504 2667 quae
1527 2606 1597 2670 pro-

470 2693 537 2755 lana
555 2692 742 2757 consecrauit
762 2691 935 2777 improbitas
952 2690 1156 2755 misericordia
1172 2688 1220 2753 dei
1235 2690 1356 2754 nomino
1370 2691 1482 2754 domini
1497 2694 1597 2757 nostri

430 2798 539 2863 lolesu
555 2798 667 2860 Christi
682 2799 782 2880 lapsos
798 2799 906 2881 erigat,
925 2796 1075 2880 fugientes
1090 2798 1127 2860 ad
1142 2816 1176 2859 se
1190 2809 1327 2875 reuocet,
1343 2796 1514 2860 dubitantes
1524 2820 1598 2861 con·-

472 2904 578 2980 brmet‚
604 2912 740 2968 errantes
763 2904 895 2987 corrigat
917 2914 948 2966 et
962 2902 1040 2986 quod
1062 2912 1110 2966 est
1130 2902 1315 2986 potissimum
1332 2903 1424 2968 uitam
1440 2903 1597 2968 morienti-

472 3011 526 3072 bus
542 3011 645 3074 donet.

377 3115 463 3186 [ab]
559 3115 592 3177 ln
613 3113 747 3198 plurimis
778 3113 901 3178 orientis
932 3112 1114 3190 ciuitatibus,
1147 3113 1218 3177 licet
1243 3116 1299 3179 hoc
1321 3117 1430 3180 malum
1451 3117 1539 3179 ctiam
1560 3116 1599 3178 ad

473 3242 529 3284 nos
541 3221 698 3285 transitum
723 3219 843 3298 lecerit,
864 3219 979 3283 Adonis
1001 3219 1086 3302 quasi
1107 3221 1233 3285 maritus
1254 3223 1404 3308 plangitur
1418 3221 1545 3286 Veneris
1568 3232 1599 3284 et

434 3338 465 3388 lt
475 3347 636 3411 percussor
652 3327 715 3390 eius
731 3326 990 3391 circumstantibus
1006 3326 1173 3408 uulnusqne
1189 3339 1384 3393 monstratur.
1414 3329 1497 3393 hlars
1519 3327 1598 3390 euim

474 3434 505 3496 in
522 3433 605 3517 porci
620 3434 769 3498 siluestris
786 3435 914 3518 speciem
929 3435 1113 3515 formamque
1128 3446 1270 3511 mutatus,
1286 3447 1319 3498 ut
1334 3436 1392 3499 sibi
1406 3434 1516 3519 primas
1532 3455 1600 3517 par-

477 3551 522 3602 tes
537 3540 568 3602 in
586 3560 687 3603 amore
699 3539 826 3604 Veneris
842 3539 1020 3618 uindicaret,
1037 3541 1155 3604 incaute
1170 3553 1277 3605 contra
1291 3563 1325 3606 se
1340 3553 1477 3605 ruentem
1494 3559 1600 3623 percu·

478 3645 515 3706 tit
531 3643 682 3708 iuuenem.
714 3645 832 3709 Sidous
849 3645 1055 3724 eratrldonis‚
1079 3670 1133 3712 cnr
1154 3649 1258 3712 riualis
1281 3648 1407 3713 insidias
1429 3645 1601 3711 nesciebat?

479 3749 505 3811 si
523 3749 622 3826 homo,
640 3769 694 3811 cnr
710 3771 775 3814 oum
792 3751 947 3834 superiore
963 3754 1116 3817 certabat?
1142 3753 1200 3816 Sed
1216 3765 1248 3818 et
1262 3756 1351 3818 alium
1368 3754 1455 3818 audio
1470 3775 1535 3816 cnm
1543 3750 1602 3814 Ve-

437 3865 470 3916 20
481 3873 553 3917 nere
569 3855 724 3937 coniugale
741 3855 880 3920 hahuisse
896 3860 1098 3922 consortium:
1114 3859 1275 3934 Vulcanus,
1300 3860 1359 3923 nisi
1376 3861 1474 3936 fallor,
1498 3857 1534 3920 ab
1556 3857 1601 3919 his

482 3963 603 4025 deorum
627 3961 791 4026 cultoribus
814 3962 939 4027 maritus
961 3961 1087 4028 Veneris
1109 3987 1177 4029 esse
1200 3962 1383 4048 perhibetur.
1417 3965 1603 4028 Ouanorum

482 4067 635 4132 bominum
649 4067 770 4130 ridenda
788 4069 961 4151 persuasiol
986 4069 1065 4132 inter
1080 4071 1153 4133 duos
1168 4070 1291 4133 maritos
1306 4069 1424 4133 adulter
1439 4071 1552 4152 positus
1567 4068 1605 4132 ab

483 4195 543 4237 uno
565 4175 691 4258 capitur,
717 4175 842 4238 alterum
866 4175 970 4240 uincit.
1002 4175 1062 4238 Sed
1076 4177 1155 4254 uide,
1176 4189 1210 4241 ut
1230 4176 1348 4240 adulter
1369 4175 1443 4236 deus
1466 4175 1606 4239 maritum

484 4278 631 4357 uinceret,
648 4281 727 4363 quod
742 4279 798 4346 sihi
815 4301 922 4365 corpus
939 4282 1045 4364 elegit:
1071 4302 1179 4366 porcus
1195 4302 1263 4345 esse
1277 4277 1398 4354 maluit3
1423 4276 1486 4360 qui,
1512 4279 1538 4341 si
1554 4281 1607 4344 ha-

442 4383 575 4448 25bebat
595 4388 727 4450 mutandi
750 4388 885 4471 corporis
909 4397 1096 4471 potestatem,
1118 4386 1215 4448 lconis
1236 4385 1337 4448 debuit
1358 4383 1457 4469 potius
1478 4387 1606 4469 speciem

558 4611 567 4664 l
586 4609 674 4675 lngltla
798 4615 828 4666 lo
842 4613 885 4665 rhri
897 4640 930 4654 —
942 4610 1078 4662 coudrmet
1208 4613 1239 4665 lb
1252 4628 1390 4680 percursor
