3725 5850
807 685 855 757 25

249 882 291 934 et
314 873 384 935 uiuo
400 870 573 935 confirmaui
587 862 692 933 illum'.
725 871 810 934 Tunc
825 872 904 935 Esau
921 890 1009 934 casus
1024 890 1095 934 suos
1114 872 1225 937 misera
1246 872 1389 935 lamenta-

247 978 348 1040 tione
371 976 492 1041 defleuit
514 978 583 1060 quia
605 975 697 1039 tritici
721 987 751 1039 et
771 976 831 1039 uiui
854 975 884 1037 id
900 987 947 1038 est
962 977 1080 1039 suturae
1096 978 1246 1041 felicitatis
1262 980 1390 1062 perdidit
1449 994 1452 997 ’

245 1083 403 1167 gratiam.
437 1082 521 1161 Quod
537 1092 636 1145 autem
652 1083 834 1146 consecratis
851 1081 1020 1147 bominibus
1043 1082 1138 1145 adeo
1161 1084 1246 1165 panis
1269 1084 1388 1148 diuinus

245 1190 322 1251 iste
345 1200 515 1272 praestetur
535 1208 589 1271 per
603 1187 723 1250 Esaiam
744 1187 816 1249 dicit
836 1187 960 1270 spiritus
978 1198 1116 1251 sanctus:
1137 1182 1195 1252 ‘sic
1210 1189 1280 1251 dicit
1295 1190 1431 1258 domi-20

245 1316 338 1358 nusr
363 1315 433 1357 ecce
456 1294 504 1376 qui
528 1293 665 1357 seruiunt
685 1292 758 1355 mihi
781 1294 1011 1373 manducabunt,
1036 1315 1091 1357 uos
1114 1305 1212 1357 autem
1229 1294 1386 1375 esurietis3
1400 1283 1490 1403 ξζξζ

245 1421 334 1463 ecoc
350 1400 400 1482 qui
416 1398 552 1462 seruiunt
566 1399 635 1461 mibi
658 1400 908 1478 iocundabuutur‚
932 1421 988 1464 nos
1008 1400 1241 1479 confundemini,
1267 1421 1322 1464 uos
1343 1380 1402 1463 in-¹
1433 1378 1447 1387 ²
1485 1350 1505 1416 ']

247 1505 391 1568 terficiet
406 1496 565 1569 dominus?
594 1504 662 1568 Nou
678 1505 772 1569 solum
789 1506 873 1589 panis
888 1506 946 1570 iste
962 1506 1047 1569 adeo
1067 1505 1072 1591 Ι
1092 1528 1208 1570 summo
1233 1506 1389 1590 sacrilegis
1397 1511 1513 1563 Ful-¹8¹·

247 1624 285 1676 et
304 1612 406 1693 impiis
422 1610 596 1692 denegatur,
608 1612 659 1675 sed
676 1624 706 1674 et
721 1631 817 1694 poena
834 1610 1016 1694 promittitur
1032 1624 1062 1675 et
1077 1612 1203 1677 acerbae
1218 1614 1322 1701 mortis
1338 1615 1389 1676 de-

248 1729 428 1782 cernuntur
444 1716 538 1779 exitia
554 1728 587 1779 ut
604 1717 803 1781 esurientibus
826 1718 961 1781 lancibus
975 1718 1095 1781 diuinae
1117 1719 1388 1783 animaduersionis

247 1825 363 1887 exitus
372 1824 539 1905 ingeratur.
558 1824 705 1887 Secuntur
717 1824 806 1886 etiam
823 1824 879 1886 boc
895 1823 972 1887 idem
988 1824 1130 1888 tricesimi
1146 1836 1177 1887 et
1188 1824 1269 1887 tertii
1281 1824 1386 1907 psalmi

249 1929 434 1993 ueneranda
449 1948 613 2011 responsa3
632 1929 674 1991 ait
688 1928 766 1992 enim
784 1950 837 2013 per
851 1930 945 1994 Dauid
961 1921 1084 2012 spiritus
1100 1940 1239 1994 sanctus:
1253 1923 1387 2012 ‘gustate
1414 1936 1429 1984 5

250 2047 287 2099 et
306 2034 409 2097 uidete
425 2034 563 2116 quoniam
585 2034 679 2097 dulcis
703 2044 750 2098 est
770 2026 930 2098 dominus'.
964 2034 1056 2099 Dulce
1076 2045 1123 2099 cst
1143 2035 1274 2099 caeleste
1297 2026 1436 2119 pabo-ll·
1448 2025 1488 2091 ὃ]

251 2143 337 2218 lum,
348 2140 441 2203 dulcis
457 2140 503 2204 dei
520 2140 621 2203 cibus:
639 2162 695 2203 nec
711 2140 798 2205 babet
812 2142 844 2204 in
860 2162 893 2205 se
908 2140 1037 2205 miserae
1052 2142 1139 2206 famis
1154 2143 1241 2206 triste
1257 2153 1389 2204 tormen-

251 2259 324 2310 tum
348 2247 435 2310 etde
457 2246 594 2309 medullis
616 2246 767 2310 bominum
790 2231 998 2330 praecedentis
1016 2245 1225 2312 ueneni'uirus
1240 2248 1385 2311 excludit.

167 2356 174 2364 “
249 2354 295 2415 Et
312 2354 388 2415 baec
403 2352 444 2415 ita
460 2372 528 2416 esse
550 2352 706 2435 sequentia
728 2353 841 2417 oraculi
862 2375 1008 2437 responsa
1028 2355 1199 2417 declarant:
1223 2354 1265 2416 ait
1287 2353 1384 2417 enim:

246 2453 375 2523 ‘timete
397 2458 547 2521 dominum
569 2460 665 2521 sancti
690 2460 755 2523 eius
772 2460 917 2542 quianon
934 2460 1095 2543 estinopia
1119 2460 1228 2541 eisqui
1252 2468 1429 2533 metuunt10

250 2586 341 2629 eum.
373 2565 488 2628 Diuites
511 2575 659 2647 eguerunt
681 2574 712 2626 et
727 2564 908 2641 esurierunt,
933 2566 982 2646 qui
1003 2576 1102 2628 antem
1122 2565 1279 2646 inquirunt
1292 2558 1511 2624 domi-[clm]

251 2694 331 2735 num
355 2692 415 2734 non
435 2670 611 2751 indigebunt
632 2669 713 2732 omni
733 2662 836 2731 bono?
867 2668 924 2747 Qui
945 2670 989 2732 sic
1009 2670 1040 2731 in
1056 2670 1165 2753 templo
1181 2679 1386 2752 praetextatus

250 2776 388 2851 incedis,
418 2776 468 2856 qui
491 2774 586 2856 fulges
610 2795 752 2859 purpura,
784 2773 869 2837 cuius
892 2785 981 2857 caput
1002 2785 1054 2837 aut
1074 2795 1148 2837 auro
1170 2774 1314 2856 premitur
1335 2783 1387 2836 aut

251 2884 359 2958 lauro,
384 2900 517 2944 errorem
541 2890 625 2944 tuum
649 2880 742 2965 turpis
765 2892 884 2966 egestas
906 2880 1074 2964 insequitur
1095 2890 1125 2944 et
1140 2880 1309 2945 ceruicibus
1325 2880 1385 2943 tuis

252 3007 421 3053 onerosum
437 2989 619 3070 paupertatis
634 2987 770 3051 imminet
788 2989 912 3071 pondus.
946 2989 1031 3052 lllum
1054 3009 1140 3070 quem
1164 2988 1290 3071 despicis
1314 2999 1428 3070 pau-15

252 3114 361 3179 penem
377 3093 477 3175 largus
494 3103 525 3155 et
539 3095 623 3157 diues
640 3105 698 3172 est,
725 3094 821 3158 sedile
836 3094 880 3157 illi
894 3093 1044 3159 Abrabam
1060 3096 1092 3157 in
1107 3095 1175 3161 sinu
1190 3115 1246 3158 suo
1262 3115 1386 3178 praepu-

253 3210 317 3263 rat.
351 3199 434 3263 Tunc
457 3212 488 3262 tu
510 3219 563 3283 per
582 3200 739 3264 interiecta
762 3200 855 3284 spatia
879 3201 1065 3266 flammarum
1083 3202 1120 3264 ad
1136 3201 1297 3284 mitiganda
1313 3221 1386 3263 con-

253 3304 405 3368 scientiae
421 3315 488 3368 tuae
505 3307 628 3370 uulnera
646 3318 766 3370 tenuem
781 3308 817 3371 ab
833 3328 868 3370 eo
890 3308 1032 3372 stillantis
1054 3327 1148 3389 aquae
1169 3307 1312 3389 guttulam
1334 3327 1386 3388 po-

256 3410 386 3474 stulabis
403 3431 458 3473 neo
474 3411 526 3475 tibi
544 3413 648 3475 uolens
664 3414 800 3477 Lazarus
824 3413 1017 3476 lenimentum
1040 3411 1153 3474 doloris
1176 3411 1220 3472 tui
1241 3420 1294 3471 aut
1314 3411 1386 3472 dare

256 3517 370 3600 poterit
391 3527 441 3580 aut
463 3517 635 3600 impetrare.
668 3517 857 3600 Singulorum
882 3517 961 3578 enim
984 3515 1047 3598 pari
1071 3514 1168 3596 gratia
1189 3515 1295 3576 merita
1310 3529 1427 3604 pen-20

256 3634 384 3686 santur:
408 3622 527 3685 illinita
544 3623 696 3685 confertur
710 3632 832 3704 propter
847 3621 933 3684 buius
949 3620 1063 3684 saeculi
1079 3619 1169 3699 mala,
1194 3619 1248 3683 tibi
1263 3631 1385 3705 propter

256 3728 347 3791 buius
369 3726 480 3790 saeculi
503 3726 580 3789 bona
603 3738 744 3810 perpetua
768 3736 987 3790 tormentorum
1013 3747 1108 3810 poena
1127 3727 1308 3790 decernitur.
1346 3726 1385 3790 Vt

256 3846 358 3898 autem
379 3831 568 3895 manifestius
590 3833 757 3897 disceretur
780 3834 899 3917 quinam
923 3834 975 3898 ille
998 3844 1079 3897 esset
1107 3833 1192 3916 panis
1223 3853 1276 3917 per
1296 3855 1383 3916 quem

257 3941 389 4004 miserae
414 3938 518 4002 mortis
540 3938 702 4003 uincuntur
722 3941 828 4018 exitia,
860 3941 924 4024 ipse
947 3941 1081 4004 dominus
1109 3951 1215 4004 sancto
1237 3962 1272 4004 ac
1294 3960 1385 4003 uene-

257 4047 352 4109 rando
382 4063 435 4107 ore
464 4043 614 4126 signauit,
646 4065 684 4107 nc
713 4067 767 4129 per
789 4047 925 4110 diuersos
957 4058 1102 4111 tractatus
1132 4069 1202 4131 spes
1233 4046 1426 4109 hominumue

160 4217 162 4238 p
258 4153 360 4234 prauis
380 4151 675 4233 interpretationibus
696 4151 880 4227 fallerentur.
913 4154 965 4217 air
984 4153 989 4240 Ι
1008 4155 1087 4217 enim
1104 4154 1136 4216 in
1151 4153 1306 4235 euangelio
1319 4155 1507 4215 eatauotltb.

160 4237 176 4261 ⁴
259 4257 438 4321 iohannem:
460 4251 531 4342 ‘ego
547 4277 612 4321 sum
629 4257 714 4342 panis
735 4258 828 4335 uitae,
853 4259 903 4341 qui
918 4261 1038 4325 uenerit
1060 4262 1096 4324 ad
1118 4279 1240 4322 menon
1256 4259 1381 4334 esuriet,
1411 4260 1484 4347 [⁰:⁶¹

261 4365 309 4446 qui
325 4364 357 4428 in
372 4385 419 4428 me
434 4363 597 4428 crediderit
609 4386 669 4428 nou
685 4365 769 4428 sitiet
784 4360 946 4450 umquam.'
976 4368 1049 4431 ltem
1069 4364 1311 4448 insequentibus
1328 4365 1383 4428 boc
1439 4346 1463 4379 ⁰'

327 4537 344 4588 2
358 4549 421 4600 pena
434 4563 466 4572 -
480 4550 593 4586 aceruos
789 4539 820 4591 13
834 4539 924 4604 lulgis,
938 4553 993 4604 qua
1005 4538 1219 4604 uetustosorma
1231 4538 1383 4589 Firmr‘cum

261 4635 402 4670 resumeres
414 4636 465 4671 nort
479 4621 649 4674 crediderim.
764 4625 793 4676 15
808 4625 913 4692 dispicis
1032 4623 1063 4675 tt
1076 4623 1144 4674 diuis
1155 4651 1189 4661 -
1201 4623 1268 4677 *ted
1284 4625 1329 4677 illo
1343 4625 1382 4677 llll

260 4705 292 4756 22
305 4720 369 4771 pena
