3725 5850
1009 648 1055 715 ts

432 838 463 887 10
473 828 539 893 bus.
569 828 613 891 Ad
627 828 775 893 theatrum
792 829 888 911 potius
904 828 1013 909 templa
1029 828 1191 889 translerte
1209 836 1242 889 nt
1256 827 1288 889 in
1303 826 1403 889 scenis
1417 825 1601 909 religionum

472 937 594 999 istarum
617 944 732 998 secreta
756 935 913 997 tradantur
935 944 984 1009 et,
1016 942 1049 997 nt
1068 931 1143 995 nihil
1163 932 1382 1016 praetermittat
1408 932 1600 1014 improbitas,
1702 992 1704 1004 ,

473 1040 634 1104 histriones
657 1038 744 1103 facite
767 1040 956 1102 sacerdotes:
981 1038 1059 1102 alter
1073 1037 1193 1121 dignior
1213 1037 1297 1101 iocus
1312 1037 1510 1121 religionibus
1532 1037 1603 1102 istis

472 1146 604 1210 inueniri
620 1167 679 1209 non
696 1145 822 1228 poterit3
839 1144 901 1207 illic
917 1162 1036 1207 amores
1050 1143 1173 1206 deornm
1190 1143 1258 1205 uilis
1273 1144 1359 1206 turba
1374 1145 1525 1221 decantet,
1538 1144 1603 1208 illic

473 1272 561 1317 casus
575 1262 745 1333 mortesque
760 1251 932 1328 saltatores,
955 1249 1018 1312 illic
1034 1250 1154 1311 deorum
1170 1250 1287 1334 templis
1301 1249 1339 1311 ab
1354 1250 1452 1333 impiis
1475 1262 1506 1313 et
1528 1252 1603 1315 iaci-

431 1358 590 1421 ltnorosis
612 1350 764 1440 magistris
785 1355 892 1418 melius
914 1375 998 1419 meus
1023 1356 1138 1439 perdita
1161 1366 1193 1417 et
1215 1355 1395 1418 adulterium
1418 1357 1544 1420 docetur
1569 1368 1602 1420 et
1702 1375 1703 1432 ᾗ

472 1464 599 1527 facinus.

357 1588 394 1644 te.
408 1583 462 1649 ts]
558 1566 672 1631 Discite
687 1567 790 1645 etiam,
815 1568 999 1631 sacrosancti
1013 1569 1223 1651 imperatores,
1247 1569 1451 1631 uenerandum
1466 1568 1603 1633 Alexan·

473 1673 555 1736 driae
571 1694 680 1735 numen
696 1674 773 1735 unde
789 1672 916 1758 sumpsit
930 1674 1088 1737 exordium
1104 1685 1138 1737 ut
1151 1674 1299 1736 communi
1314 1684 1418 1737 nostra
1437 1675 1602 1757 fragilitate
1702 1657 1704 1680 Ι

474 1782 589 1841 detecta
605 1778 642 1840 ad
658 1779 794 1843 ueritatis
807 1779 965 1842 exordium
978 1779 1169 1843 mortalitatis
1182 1788 1304 1843 nostrae
1315 1800 1415 1842 sermo
1427 1790 1600 1843 reuocetur.
1702 1791 1703 1794 ’

431 1899 463 1949 20
475 1885 547 1949 Cum
570 1882 601 1948 in
623 1885 707 1968 egip.
724 1884 803 1947 .eris
814 1930 821 1944 .
834 1930 861 1948 ..
875 1933 901 1947 ..
920 1886 1127 1949 arescentibus
1147 1885 1281 1968 frugibus
1297 1884 1446 1948 malitiosa
1462 1888 1575 1949 sames.
1591 1934 1599 1949 .

473 1992 531 2055 ami
544 2037 629 2053 .....
655 1990 789 2073 religiosi
813 1990 1001 2073 patriarchae
1021 1991 1135 2055 semine
1157 2000 1331 2074 procreatus
1352 1992 1471 2055 iuuenis
1494 1991 1602 2075 lo'sepb

473 2100 686 2180 interpretatus
709 2096 854 2159 somnium
876 2097 960 2181 regis
982 2108 1078 2161 toturn
1099 2097 1229 2180 quicquit
1253 2097 1429 2160 imminebat
1455 2097 1599 2161 ostendit.

475 2201 580 2285 loscpb
604 2213 650 2263 est
672 2200 759 2264 lacob
789 2203 866 2265 lilius
890 2203 941 2285 qui
968 2203 1005 2265 ob
1035 2202 1205 2286 pudicitiam
1233 2203 1265 2266 in
1296 2224 1446 2266 carcerem
1477 2203 1599 2279 missus,

350 2319 455 2371 Fottt·
476 2318 595 2391 ereptus
619 2318 686 2391 post
704 2307 983 2391 interpretationem
1004 2309 1112 2371 somnii
1134 2307 1190 2370 tuit
1210 2307 1359 2391 particeps
1372 2308 1471 2393 regni.
1493 2308 1498 2391 Ι
1525 2308 1602 2371 Narn
1702 2295 1703 2332 ³

475 2424 587 2496 septem
612 2427 766 2475 annorum¹
781 2414 914 2478 collectis
939 2424 971 2478 et
992 2415 1120 2478 seruatis
1141 2414 1284 2477 fructibus
1307 2414 1431 2478 alterius
1453 2416 1605 2499 septennii

475 2530 639 2603 egestatem
656 2518 774 2583 diuinae
790 2520 899 2584 mentis
915 2519 1100 2603 prouidentia
1114 2519 1272 2601 mitiganit.
1302 2518 1378 2583 lluic
1395 2531 1604 2604 postmortem

474 2626 614 2711 Aegyptii
639 2628 735 2710 patrio
757 2628 855 2710 gentis
872 2646 945 2689 suae
959 2625 1096 2690 instituto
1112 2624 1222 2708 templa
1241 2625 1379 2687 lecerunt
1399 2637 1431 2689 et
1452 2636 1484 2687 ut
1503 2625 1605 2689 iustae
1702 2627 1703 2630 ’

432 2742 448 2790 5
476 2732 707 2816 dispensationis
723 2734 848 2815 gratiam
866 2732 1027 2815 posteritas
1042 2732 1183 2808 disceret,
1200 2750 1259 2812 qno
1274 2732 1374 2793 modio
1384 2774 1601 2794 ...........

475 2838 624 2899 lrumeuta
640 2838 786 2901 diuiserat
801 2838 887 2920 capiti
901 2838 1106 2921 superpositus
1119 2846 1176 2901 est.
1193 2835 1312 2899 Nomen
1324 2836 1413 2899 etiam
1425 2847 1459 2899 ut
1469 2837 1604 2901 sanetius
1702 2879 1703 2890 t

476 2942 625 3005 coleretur
640 2962 681 3004 ex
697 2943 791 3026 primo
807 2954 930 3006 auctore
946 2943 1068 3026 generis
1084 2943 1209 3026 accepit.
1232 2942 1309 3006 Nam
1325 2945 1393 3026 qnia
1408 2943 1519 3006 Sarrae
1534 2964 1606 3027 pro-

476 3068 569 3132 nepos
592 3047 690 3111 inerat
713 3069 752 3111 ex
776 3069 833 3130 qua
855 3049 1059 3132 nonagenaria
1073 3049 1223 3112 Abrabam
1238 3049 1421 3132 indulgentia
1436 3049 1483 3112 dei
1498 3069 1604 3112 susce-

476 3163 562 3236 perat
583 3151 686 3230 blium,
712 3153 832 3237 Serapis
856 3155 951 3217 dictus
973 3164 1019 3218 est
1040 3175 1150 3236 graeco
1171 3174 1312 3218 sermone
1332 3155 1388 3217 boc
1410 3150 1605 3241 ιειΣάρῤας

436 3261 569 3336 ιοπαῖς.
606 3259 666 3323 Sed
690 3261 745 3322 boc
766 3259 861 3322 inuito
885 3259 990 3344 loseph
1011 3261 1102 3324 immo
1125 3272 1259 3324 munuca
1287 3281 1384 3342 neque
1399 3262 1478 3322 enim
1491 3261 1529 3322 ad
1545 3263 1604 3323 boc

478 3369 592 3432 lacinus
607 3366 767 3449 religiosus
783 3367 898 3430 animus
915 3376 945 3428 et
959 3367 1015 3430 deo
1031 3383 1145 3430 summo
1161 3367 1274 3430 dicatus
1289 3368 1396 3430 adduci
1411 3366 1557 3449 potuisset
1570 3377 1604 3428 nt

477 3475 590 3537 erroris
611 3471 780 3537 inlecebras
801 3491 841 3535 ex
864 3473 984 3536 nomine
1010 3489 1066 3536 sno
1093 3473 1310 3556 superstitiosis
1340 3471 1510 3535 bominibus
1538 3471 1603 3554 ipse

479 3578 644 3661 praeberet,
669 3579 845 3661 praesertim
866 3599 931 3640 curn
953 3577 1048 3641 sciret
1062 3579 1135 3641 haec
1150 3593 1219 3642 esse
1233 3578 1265 3640 iu
1280 3579 1327 3639 dei
1343 3577 1544 3640 sacrosanctis
1560 3578 1603 3638 le-

477 3680 575 3764 gibus,
600 3702 637 3744 ne
661 3683 710 3764 qui
733 3683 882 3746 bominum
906 3684 967 3746 tale
987 3682 1094 3766 aliquit
1114 3693 1166 3747 aut
1185 3695 1385 3746 neueraretur
1404 3694 1456 3747 ant
1476 3685 1601 3747 coleret.

437 3797 466 3845 15
478 3787 531 3849 llic
547 3787 578 3848 in
594 3787 728 3870 Aegypto
745 3789 867 3867 colitur,
893 3787 939 3851 hic
955 3789 1109 3865 adoratur,
1133 3791 1223 3853 buius
1239 3789 1433 3852 simulacrum
1457 3809 1602 3853 neocoro-

477 3914 543 3956 rum
573 3893 662 3956 turba
684 3895 814 3957 custodit
836 3905 866 3956 et
889 3897 925 3958 ad
954 3896 1125 3960 memoriam
1152 3897 1310 3959 uetustatis
1341 3915 1448 3959 errans
1478 3896 1603 3979 populus

477 4000 611 4062 ordinem
628 4019 778 4074 sacrorum
795 4001 824 4063 in
839 4000 981 4063 bonorem
994 4001 1180 4087 integerrimi
1192 4021 1227 4064 ac
1240 4001 1462 4086 prudentissimi
1474 4001 1605 4064 bominis

550 4159 579 4207 tt
588 4161 654 4222 post
666 4155 846 4220 qussortoase
860 4170 917 4204 curn
933 4156 1046 4208 Oeblero
1058 4156 1283 4224 interponendum
1296 4156 1394 4207 saltent
1405 4185 1435 4193 -
1449 4155 1605 4205 facinerosis

479 4243 510 4292 15
524 4241 680 4292 adulterium
694 4243 860 4306 iiaenunuit
872 4245 902 4290 ut
915 4227 966 4290 uice
979 4242 1166 4306 dsgtsoscntnr.
1267 4243 1298 4292 lS
1310 4242 1411 4292 codicis
1424 4239 1606 4304 littoruesere

474 4341 590 4392 prorsus
604 4327 708 4377 deletae
722 4326 851 4393 legendae
863 4329 931 4376 mili
941 4327 1107 4378 uidebuntur
1118 4326 1171 4377 *ae
1184 4327 1326 4377 communis
1438 4326 1607 4391 20sortusss

478 4412 504 4459 in
518 4410 628 4475 Aegipto
641 4411 765 4474 glisceret
834 4411 931 4464 liuste
1002 4412 1016 4463 b
1030 4413 1104 4463 modo
1115 4429 1122 4461 ι
1135 4413 1253 4476 spatium
1268 4411 1340 4476 qnod
1353 4415 1478 4476 seqnitur
1489 4427 1607 4461 nocuum

479 4495 581 4544 littoris
600 4501 739 4546 uetustate
760 4495 856 4548 deletis
874 4498 915 4548 ed.
926 4513 974 4565 pr.
989 4498 1114 4562 conpleuit
1133 4497 1311 4548 esurientibus
1331 4505 1359 4547 et
1376 4497 1539 4546 ementibus:
1560 4496 1610 4546 sed

478 4583 507 4638 ta
521 4577 580 4628 nod.
595 4577 752 4644 ala'usbisse
764 4587 888 4646 apparet.
972 4581 1093 4648 bospitio
1174 4579 1281 4632 iSsrre
1362 4577 1608 4633 cresutocuoc

479 4664 511 4716 1⁰
525 4663 618 4714 lunitio
700 4663 904 4729 tartessiorum
