3725 5850
823 704 844 755 V

267 875 336 940 hist.
359 896 408 938 an.
429 875 494 953 llll,
518 867 572 937 46.
604 874 746 938 Codicum
768 875 972 939 Parisincrum
996 878 1104 960 quibus
1127 881 1297 947 Cotelerius
1321 886 1391 970 (88.

266 982 384 1045 Patrum
401 982 635 1066 apostolicorum
657 1002 761 1065 opera,
782 983 843 1046 uol.
864 984 887 1061 t,
905 982 1120 1046 Amstelodami
1138 986 1232 1060 1726)
1256 1011 1329 1054 usus
1347 1004 1393 1057 est

264 1087 410 1151 lectiones
431 1090 531 1171 paucis
554 1099 669 1150 tantum
695 1092 725 1151 in
754 1087 829 1150 locis
851 1088 938 1152 ualde
966 1090 1116 1173 corruptis
1147 1099 1391 1176 commemoraui,

265 1194 368 1257 codice
390 1195 526 1258 Palatino
549 1205 696 1276 tamquam
721 1186 909 1257 fundamento
932 1206 1035 1258 textus
1057 1218 1143 1279 quem
1163 1212 1274 1263 uocant
1288 1222 1394 1266 recen-

264 1301 348 1364 sendi
361 1322 444 1366 usus.
468 1302 626 1373 Eaautem
642 1321 718 1383 quae
734 1311 802 1384 post
817 1295 903 1363 linem
920 1322 948 1361 c.
966 1299 1009 1364 26
1023 1315 1200 1385 sequuntur,
1219 1328 1393 1390 quamquam

263 1406 354 1469 etiam
376 1408 407 1470 in
425 1407 526 1471 codice
540 1407 676 1470 Palatino
697 1418 811 1491 partem
831 1417 914 1470 certe
931 1427 1034 1471 eorum
1051 1408 1121 1471 olim
1138 1410 1280 1495 scriptam
1300 1415 1393 1478 baisse

263 1523 399 1587 constat,
421 1514 583 1576 omittenda
601 1534 669 1577 esse
685 1512 776 1591 duxi,
802 1514 907 1597 quippe
930 1534 971 1577 ex
987 1515 1092 1597 quibus
1108 1516 1206 1581 nullus
1222 1520 1259 1581 ad
1275 1522 1393 1605 mytho-

263 1618 361 1702 logice
377 1620 508 1682 studium
524 1622 759 1705 promonendum
776 1621 889 1705 percipi
903 1620 998 1703 possit
1013 1622 1141 1686 fructus.

348 1725 392 1787 De
407 1736 532 1790 auctore
548 1726 640 1789 libelli
656 1728 692 1790 de
708 1747 813 1789 errore
828 1728 1019 1810 profanarum
1035 1728 1214 1810 religionum
1223 1728 1269 1811 *),
1295 1731 1391 1813 quiin

263 1832 482 1915 subscriptione
499 1833 609 1895 codicis
626 1831 753 1895 Palatini
776 1832 883 1895 dicitur
899 1832 990 1895 Iulius
1005 1833 1151 1896 Firmicus
1167 1835 1321 1899 Maternus
1338 1838 1393 1900 Vir

266 1938 478 2015 Clarissimus,
501 1961 567 2002 cum
584 1938 800 2001 discernendus
816 1939 855 2000 sit
870 1960 885 2000 a
903 1937 1034 2000 Firmino
1057 1938 1225 2002 matheseos
1248 1941 1391 2005 librorum
1452 1936 1455 1941 ’

263 2043 331 2107 VIII
347 2054 484 2123 auctore,
503 2045 580 2126 quod
596 2043 694 2128 paullo
709 2044 789 2106 inira
802 2043 1065 2122 demonstrabitur,
1083 2047 1295 2110 nihilomnino
1311 2071 1391 2110 com-

262 2163 378 2235 pertum
395 2150 558 2214 habemus:
582 2150 705 2213 baronii
721 2149 799 2212 enim
816 2151 957 2233 suspicio,
981 2151 1031 2233 qui
1047 2150 1093 2235 (in
1110 2154 1279 2216 annalibus
1294 2155 1391 2216 eecle-

262 2259 403 2321 siastt'eis
424 2256 459 2320 ad
481 2278 592 2319 annum
607 2254 684 2333 337,
708 2278 790 2318 num.
809 2255 864 2337 74)
889 2256 967 2319 hunc
988 2258 1113 2320 eundem
1136 2259 1208 2321 lacit
1229 2281 1295 2322 cum
1317 2260 1392 2323 Iulio

263 2363 403 2446 episcopo
418 2361 635 2427 Mediolanensi
652 2381 740 2444 quem
755 2363 924 2425 Maternum
941 2362 1110 2447 Onuphrius
1132 2366 1267 2429 nominat
1281 2368 1390 2449 quique

262 2470 376 2553 synodo
397 2469 572 2532 interfulsse
595 2469 719 2541 dicitur,
743 2489 829 2551 quam
852 2468 958 2531 Iulium
975 2470 1138 2532 Romanum
1160 2469 1391 2535 1111337111-

263 2594 328 2637 mae
344 2576 480 2658 coegisse
497 2574 744 2638 Pseudoisidorus
760 2575 790 2635 in
806 2574 1006 2637 decretalibus
1023 2576 1131 2652 tradit,
1148 2577 1318 2640 iamdudum
1335 2600 1390 2640 ex—

262 2682 346 2765 plosa
361 2678 409 2745 est
423 2681 596 2744 aGulielmo
609 2682 690 2744 Cave
703 2679 897 2762 (scriptorum
914 2679 1185 2743 ecclesiasticorum
1203 2682 1328 2747 historia
1342 2684 1390 2745 lit-

262 2788 385 2864 teraria,
403 2787 465 2849 uol.
484 2787 507 2862 1,
525 2809 554 2870 p.
573 2784 650 2867 304)
666 2796 756 2867 atque
771 2805 789 2845 a
805 2784 959 2847 Priderico
973 2785 1133 2849 Muentero
1154 2790 1261 2870 (praei.
1280 2810 1309 2871 p.
1327 2787 1390 2851 976

261 2896 309 2959 ed.
335 2894 496 2968 Parisii).
535 2892 639 2956 Paullo
661 2892 789 2956 certiora
806 2892 843 2956 de
866 2902 1001 2975 tempore
1026 2902 1158 2971 tantum,
1190 2916 1248 2976 quo
1272 2892 1389 2957 libellus

261 3002 391 3085 scriptus
406 2999 463 3075 sit,
481 3010 614 3062 statuere
630 2998 717 3062 licet:
741 3009 846 3082 sponte
861 2998 941 3060 enim
957 3009 1053 3081 patet,
1078 3001 1221 3082 scriptum
1238 3022 1305 3064 esse
1321 3012 1389 3063 ante

262 3129 370 3172 annum
387 3129 415 3190 p.
434 3106 506 3168 Chr.
524 3127 556 3166 n.
574 3103 654 3181 350,
672 3126 729 3188 quo
745 3125 842 3181 anno,
861 3104 968 3188 Sergio
983 3115 1013 3167 et
1026 3104 1176 3188 Nigriano
1192 3128 1292 3184 coss.,
1311 3109 1389 3170 Con-

145 3260 158 3308 '.
261 3225 344 3278 stans
359 3212 530 3295 Augustus,
557 3232 642 3293 quem
659 3211 807 3274 Pirmicns
824 3211 993 3293 adloquitur
1008 3211 1061 3273 fol.
1078 3211 1149 3286 21¹,
1167 3211 1200 3289 9,
1218 3235 1235 3276 a
1252 3214 1389 3276 factionis

261 3320 425 3403 Magnentii
442 3319 586 3383 militibus
606 3318 723 3382 occisus
748 3329 794 3382 est
811 3317 951 3400 (Eutrop.
968 3317 1018 3394 X,
1037 3323 1089 3398 9),
1114 3321 1166 3382 sed
1190 3330 1258 3402 post
1279 3340 1388 3381 annum

261 3427 340 3504 343,
366 3427 450 3490 cuius
465 3427 536 3489 anni
552 3424 640 3488 initio
662 3426 741 3488 iacta
755 3433 802 3487 est
817 3424 969 3508 expeditio
984 3424 1014 3485 in
1031 3423 1214 3486 Britanniam
1229 3424 1313 3486 cuius
1328 3447 1389 3486 me-

260 3532 346 3596 minit
362 3532 510 3595 Firmious
533 3532 584 3595 iol.
601 3529 673 3609 30¹,
697 3531 740 3594 24
755 3552 819 3614 sqq.
845 3531 899 3612 (cI.
922 3529 1070 3591 Ammian.
1095 3528 1228 3592 Marcell.
1246 3531 1321 3605 XX,
1341 3530 1385 3609 1).

147 3665 148 3672 “
259 3639 490 3720 Angustioribus
513 3639 602 3700 etiam
625 3635 733 3699 linibus
757 3646 873 3720 tempus
895 3634 988 3699 libelli
1013 3633 1116 3718 scripti
1138 3634 1386 3698 circumscribere

259 3748 384 3822 liceret,
407 3745 433 3808 si
449 3754 619 3822 constaret,
643 3743 680 3805 ad
695 3763 852 3825 quamnam
868 3761 997 3823 pugnam
1012 3759 1031 3800 a
1046 3739 1186 3801 Romanis
1202 3761 1268 3802 cum
1285 3741 1387 3805 Persis

260 3854 447 3916 commissam
470 3849 628 3912 reserenda
649 3849 709 3911 sint
732 3867 808 3930 qnae
828 3843 967 3924 tot.33·‚
987 3843 1026 3906 11
1051 3845 1088 3907 de
1109 3845 1247 3927 superbis
1270 3847 1387 3930 populis

259 3959 314 4024 sub
337 3959 439 4042 iugum
460 3954 561 4020 missis
585 3956 672 4018 etde
694 3953 825 4016 Persicis
850 3951 927 4015 uotis
944 3951 1093 4034 conlapsis
1115 3951 1277 4034 gloriosius
1298 3974 1387 4034 quam

325 4185 348 4252 *)
367 4185 488 4237 lobannis
501 4184 637 4236 Michaelis
650 4183 753 4235 Hertzii
772 4180 983 4233 dissertationem
1004 4195 1070 4246 puae
1084 4181 1255 4233 inscribitur:
1275 4181 1306 4230 de
1319 4179 1385 4230 lulio

260 4271 369 4324 Pirtuico
381 4270 500 4324 Materno
515 4271 622 4336 eiusque
641 4269 759 4336 inprimis
777 4269 809 4318 de
828 4282 917 4318 errore
935 4267 1102 4332 profanarum
1120 4267 1274 4330 religionum
1295 4265 1386 4317 libello

260 4357 408 4408 dissertatio
420 4357 592 4421 inauguratis
607 4355 723 4406 havniae
739 4353 813 4416 1811,
833 4368 847 4402 e
862 4351 990 4402 Muenteri
1005 4359 1104 4403 tantum
1118 4352 1282 4418 praelatione
1296 4353 1365 4402 noni.

326 4445 361 4505 “l
385 4441 515 4493 Muenteri
535 4443 648 4492 editione
668 4455 734 4507 quae
757 4438 854 4505 prodiit
873 4435 989 4488 llavniae
1011 4439 1076 4493 I82b
1103 4453 1160 4488 cnm
1184 4437 1222 4486 uti
1247 4437 1309 4486 mihi
1335 4453 1383 4486 non

158 4567 169 4580 .
260 4527 365 4577 licuerit
378 4528 483 4580 adhibui
496 4527 657 4594 patrologiae
671 4525 703 4576 ab
717 4524 736 4575 1.
751 4523 780 4574 P.
797 4524 880 4586 Migne
894 4523 982 4572 editae
995 4529 1089 4573 tomum
1102 4520 1152 4571 XII
1169 4519 1290 4585 (Parisiis
1306 4521 1384 4586 1815)

261 4613 304 4678 qni
326 4619 430 4678 praeter
447 4612 587 4664 Eusebium
602 4611 798 4664 vercellensem
817 4617 844 4661 ct
862 4608 1030 4660 Philostrium
1050 4608 1128 4658 etiam
1142 4605 1249 4658 Firmici
1267 4606 1385 4658 libellum

260 4713 315 4750 cnm
330 4697 492 4765 praelatione
506 4705 533 4750 et
547 4699 616 4751 notis
629 4696 759 4750 Mueuteri
773 4697 805 4748 sd
818 4696 925 4746 uerbum
939 4693 1069 4761 expressis
1082 4693 1210 4745 conticet.
