<?xml version="1.0" encoding="UTF-8"?>
<!DOCTYPE html PUBLIC "-//W3C//DTD XHTML 1.0 Transitional//EN"
    "http://www.w3.org/TR/xhtml1/DTD/xhtml1-transitional.dtd">
<html xmlns="http://www.w3.org/1999/xhtml" xml:lang="en" lang="en">
 <head>
  <title>
</title>
<meta http-equiv="Content-Type" content="text/html;charset=utf-8" />
  <meta name='ocr-system' content='tesseract 3.04.00' />
  <meta name='ocr-capabilities' content='ocr_page ocr_carea ocr_par ocr_line ocrx_word'/>
</head>
<body>
  <div class='ocr_page' id='page_1' title='image "./ivliifirmicimat00bursgoog_0029.png"; bbox 0 0 3725 5850; ppageno 0'>
   <div class='ocr_carea' id='block_1_1' title="bbox 832 672 871 741">
    <p class='ocr_par' dir='ltr' id='par_1_1' title="bbox 832 672 871 741">
     <span class='ocr_line' id='line_1_1' title="bbox 832 672 871 741; baseline -0.051 0"><span class='ocrx_word' id='word_1_1' title='bbox 832 672 871 741; x_wconf 90' lang='lat' dir='ltr'><strong>ll</strong></span> 
     </span>
    </p>
   </div>
   <div class='ocr_carea' id='block_1_2' title="bbox 287 851 1531 4542">
    <p class='ocr_par' dir='ltr' id='par_1_2' title="bbox 287 851 1531 4542">
     <span class='ocr_line' id='line_1_2' title="bbox 289 851 1413 938; baseline 0.001 -22"><span class='ocrx_word' id='word_1_2' title='bbox 289 852 395 916; x_wconf 89' lang='lat' dir='ltr'><strong>Graeci</strong></span> <span class='ocrx_word' id='word_1_3' title='bbox 410 851 616 927; x_wconf 84' lang='lat' dir='ltr'><strong>Persclonam,</strong></span> <span class='ocrx_word' id='word_1_4' title='bbox 636 851 732 915; x_wconf 91' lang='lat' dir='ltr'><strong>nostri</strong></span> <span class='ocrx_word' id='word_1_5' title='bbox 747 852 901 915; x_wconf 89' lang='lat' dir='ltr'><strong>immutato</strong></span> <span class='ocrx_word' id='word_1_6' title='bbox 917 872 1057 916; x_wconf 79' lang='lat' dir='ltr'><strong>sermone</strong></span> <span class='ocrx_word' id='word_1_7' title='bbox 1072 853 1281 938; x_wconf 80' lang='lat' dir='ltr'><strong>Proserpinam</strong></span> <span class='ocrx_word' id='word_1_8' title='bbox 1299 853 1413 932; x_wconf 88' lang='lat' dir='ltr'><strong>dicunt,</strong></span> 
     </span>
     <span class='ocr_line' id='line_1_3' title="bbox 288 958 1415 1043; baseline 0.001 -22"><span class='ocrx_word' id='word_1_9' title='bbox 288 960 324 1021; x_wconf 89' lang='lat' dir='ltr'><strong>ad</strong></span> <span class='ocrx_word' id='word_1_10' title='bbox 340 958 497 1041; x_wconf 88' lang='lat' dir='ltr'><strong>coniugale</strong></span> <span class='ocrx_word' id='word_1_11' title='bbox 514 958 696 1021; x_wconf 74' lang='lat' dir='ltr'><strong>consortium</strong></span> <span class='ocrx_word' id='word_1_12' title='bbox 720 958 821 1042; x_wconf 88' lang='lat' dir='ltr'><strong>plures</strong></span> <span class='ocrx_word' id='word_1_13' title='bbox 837 958 986 1042; x_wconf 86' lang='lat' dir='ltr'><strong>petebant.</strong></span> <span class='ocrx_word' id='word_1_14' title='bbox 1014 959 1111 1023; x_wconf 85' lang='lat' dir='ltr'><strong>Mater</strong></span> <span class='ocrx_word' id='word_1_15' title='bbox 1122 960 1250 1023; x_wconf 90' lang='lat' dir='ltr'><strong>sollicita</strong></span> <span class='ocrx_word' id='word_1_16' title='bbox 1262 962 1299 1023; x_wconf 93' lang='lat' dir='ltr'><strong>de</strong></span> <span class='ocrx_word' id='word_1_17' title='bbox 1313 960 1415 1043; x_wconf 90' lang='lat' dir='ltr'><strong>singn-</strong></span> 
     </span>
     <span class='ocr_line' id='line_1_4' title="bbox 287 1064 1415 1130; baseline 0.003 -5"><span class='ocrx_word' id='word_1_18' title='bbox 287 1065 383 1126; x_wconf 92' lang='lat' dir='ltr'><strong>lorum</strong></span> <span class='ocrx_word' id='word_1_19' title='bbox 407 1064 522 1127; x_wconf 90' lang='lat' dir='ltr'><strong>meritis</strong></span> <span class='ocrx_word' id='word_1_20' title='bbox 543 1064 692 1128; x_wconf 91' lang='lat' dir='ltr'><strong>iudicabat</strong></span> <span class='ocrx_word' id='word_1_21' title='bbox 718 1074 836 1127; x_wconf 91' lang='lat' dir='ltr'><strong>etcum</strong></span> <span class='ocrx_word' id='word_1_22' title='bbox 859 1065 954 1127; x_wconf 90' lang='lat' dir='ltr'><strong>adbuc</strong></span> <span class='ocrx_word' id='word_1_23' title='bbox 977 1066 1113 1130; x_wconf 91' lang='lat' dir='ltr'><strong>omnibns</strong></span> <span class='ocrx_word' id='word_1_24' title='bbox 1137 1066 1240 1129; x_wconf 91' lang='lat' dir='ltr'><strong>matris</strong></span> <span class='ocrx_word' id='word_1_25' title='bbox 1266 1067 1415 1130; x_wconf 87' lang='lat' dir='ltr'><strong>sententia</strong></span> 
     </span>
     <span class='ocr_line' id='line_1_5' title="bbox 288 1169 1457 1256; baseline 0.003 -24"><span class='ocrx_word' id='word_1_26' title='bbox 288 1171 443 1233; x_wconf 87' lang='lat' dir='ltr'><strong>uideretur</strong></span> <span class='ocrx_word' id='word_1_27' title='bbox 456 1171 583 1247; x_wconf 86' lang='lat' dir='ltr'><strong>ineerta,</strong></span> <span class='ocrx_word' id='word_1_28' title='bbox 601 1170 685 1234; x_wconf 90' lang='lat' dir='ltr'><strong>dines</strong></span> <span class='ocrx_word' id='word_1_29' title='bbox 700 1169 830 1233; x_wconf 91' lang='lat' dir='ltr'><strong>rusticus</strong></span> <span class='ocrx_word' id='word_1_30' title='bbox 847 1172 893 1233; x_wconf 93' lang='lat' dir='ltr'><strong>cui</strong></span> <span class='ocrx_word' id='word_1_31' title='bbox 908 1181 1031 1256; x_wconf 85' lang='lat' dir='ltr'><strong>propter</strong></span> <span class='ocrx_word' id='word_1_32' title='bbox 1045 1172 1164 1236; x_wconf 89' lang='lat' dir='ltr'><strong>diuitias</strong></span> <span class='ocrx_word' id='word_1_33' title='bbox 1172 1171 1279 1236; x_wconf 89' lang='lat' dir='ltr'><strong>Pluton</strong></span> <span class='ocrx_word' id='word_1_34' title='bbox 1292 1173 1346 1237; x_wconf 86' lang='lat' dir='ltr'><strong>luit</strong></span> <span class='ocrx_word' id='word_1_35' title='bbox 1361 1194 1414 1235; x_wconf 95' lang='lat' dir='ltr'><strong>no·</strong></span> <span class='ocrx_word' id='word_1_36' title='bbox 1425 1185 1457 1235; x_wconf 85' lang='lat'><strong>10</strong></span> 
     </span>
     <span class='ocr_line' id='line_1_6' title="bbox 287 1275 1415 1359; baseline 0.001 -20"><span class='ocrx_word' id='word_1_37' title='bbox 287 1296 357 1339; x_wconf 89' lang='lat' dir='ltr'><strong>men</strong></span> <span class='ocrx_word' id='word_1_38' title='bbox 373 1275 534 1339; x_wconf 88' lang='lat' dir='ltr'><strong>temerario</strong></span> <span class='ocrx_word' id='word_1_39' title='bbox 550 1276 718 1359; x_wconf 88' lang='lat' dir='ltr'><strong>cupiditatis</strong></span> <span class='ocrx_word' id='word_1_40' title='bbox 732 1276 852 1353; x_wconf 90' lang='lat' dir='ltr'><strong>ardore,</strong></span> <span class='ocrx_word' id='word_1_41' title='bbox 876 1297 942 1340; x_wconf 91' lang='lat' dir='ltr'><strong>cnm</strong></span> <span class='ocrx_word' id='word_1_42' title='bbox 959 1298 1058 1341; x_wconf 87' lang='lat' dir='ltr'><strong>moras</strong></span> <span class='ocrx_word' id='word_1_43' title='bbox 1080 1277 1229 1342; x_wconf 76' lang='lat' dir='ltr'><strong>dilationis</strong></span> <span class='ocrx_word' id='word_1_44' title='bbox 1252 1279 1332 1341; x_wconf 83' lang='lat' dir='ltr'><strong>ferre</strong></span> <span class='ocrx_word' id='word_1_45' title='bbox 1354 1300 1415 1341; x_wconf 92' lang='lat' dir='ltr'><strong>non</strong></span> 
     </span>
     <span class='ocr_line' id='line_1_7' title="bbox 289 1382 1415 1468; baseline 0.001 -23"><span class='ocrx_word' id='word_1_46' title='bbox 289 1392 393 1466; x_wconf 91' lang='lat' dir='ltr'><strong>posset</strong></span> <span class='ocrx_word' id='word_1_47' title='bbox 408 1393 438 1445; x_wconf 92' lang='lat' dir='ltr'><strong>et</strong></span> <span class='ocrx_word' id='word_1_48' title='bbox 453 1403 518 1445; x_wconf 91' lang='lat' dir='ltr'><strong>cum</strong></span> <span class='ocrx_word' id='word_1_49' title='bbox 536 1382 719 1465; x_wconf 79' lang='lat' dir='ltr'><strong>praeposteri</strong></span> <span class='ocrx_word' id='word_1_50' title='bbox 735 1383 846 1445; x_wconf 91' lang='lat' dir='ltr'><strong>amoris</strong></span> <span class='ocrx_word' id='word_1_51' title='bbox 862 1394 1045 1464; x_wconf 77' lang='lat' dir='ltr'><strong>coqueretur</strong></span> <span class='ocrx_word' id='word_1_52' title='bbox 1059 1383 1219 1462; x_wconf 88' lang='lat' dir='ltr'><strong>incendiis,</strong></span> <span class='ocrx_word' id='word_1_53' title='bbox 1236 1405 1328 1468; x_wconf 89' lang='lat' dir='ltr'><strong>prope</strong></span> <span class='ocrx_word' id='word_1_54' title='bbox 1343 1385 1415 1446; x_wconf 89' lang='lat' dir='ltr'><strong>Per·</strong></span> 
     </span>
     <span class='ocr_line' id='line_1_8' title="bbox 289 1488 1416 1573; baseline 0 -22"><span class='ocrx_word' id='word_1_55' title='bbox 289 1509 357 1551; x_wconf 90' lang='lat' dir='ltr'><strong>cum</strong></span> <span class='ocrx_word' id='word_1_56' title='bbox 372 1488 526 1553; x_wconf 86' lang='lat' dir='ltr'><strong>inuentam</strong></span> <span class='ocrx_word' id='word_1_57' title='bbox 543 1489 688 1573; x_wconf 85' lang='lat' dir='ltr'><strong>uirginem</strong></span> <span class='ocrx_word' id='word_1_58' title='bbox 704 1488 798 1571; x_wconf 85' lang='lat' dir='ltr'><strong>rapit=</strong></span> <span class='ocrx_word' id='word_1_59' title='bbox 822 1488 935 1551; x_wconf 83' lang='lat' dir='ltr'><strong>Porcus</strong></span> <span class='ocrx_word' id='word_1_60' title='bbox 955 1498 1003 1551; x_wconf 90' lang='lat' dir='ltr'><strong>est</strong></span> <span class='ocrx_word' id='word_1_61' title='bbox 1023 1500 1121 1553; x_wconf 85' lang='lat' dir='ltr'><strong>autem</strong></span> <span class='ocrx_word' id='word_1_62' title='bbox 1140 1489 1223 1554; x_wconf 87' lang='lat' dir='ltr'><strong>lacus</strong></span> <span class='ocrx_word' id='word_1_63' title='bbox 1245 1490 1276 1553; x_wconf 90' lang='lat' dir='ltr'><strong>in</strong></span> <span class='ocrx_word' id='word_1_64' title='bbox 1293 1489 1416 1552; x_wconf 87' lang='lat' dir='ltr'><strong>Hennae</strong></span> 
     </span>
     <span class='ocr_line' id='line_1_9' title="bbox 290 1593 1415 1677; baseline -0.001 -20"><span class='ocrx_word' id='word_1_65' title='bbox 290 1593 421 1657; x_wconf 89' lang='lat' dir='ltr'><strong>ciuitatis</strong></span> <span class='ocrx_word' id='word_1_66' title='bbox 436 1594 544 1657; x_wconf 87' lang='lat' dir='ltr'><strong>finibus</strong></span> <span class='ocrx_word' id='word_1_67' title='bbox 560 1596 635 1658; x_wconf 87' lang='lat' dir='ltr'><strong>satis</strong></span> <span class='ocrx_word' id='word_1_68' title='bbox 651 1614 794 1658; x_wconf 87' lang='lat' dir='ltr'><strong>amoenus</strong></span> <span class='ocrx_word' id='word_1_69' title='bbox 810 1605 840 1656; x_wconf 93' lang='lat' dir='ltr'><strong>et</strong></span> <span class='ocrx_word' id='word_1_70' title='bbox 855 1605 961 1677; x_wconf 89' lang='lat' dir='ltr'><strong>gratus</strong></span> <span class='ocrx_word' id='word_1_71' title='bbox 976 1595 1061 1658; x_wconf 91' lang='lat' dir='ltr'><strong>cuins</strong></span> <span class='ocrx_word' id='word_1_72' title='bbox 1076 1596 1241 1660; x_wconf 89' lang='lat' dir='ltr'><strong>amoenitas</strong></span> <span class='ocrx_word' id='word_1_73' title='bbox 1254 1615 1295 1657; x_wconf 87' lang='lat' dir='ltr'><strong>ex</strong></span> <span class='ocrx_word' id='word_1_74' title='bbox 1312 1594 1415 1658; x_wconf 86' lang='lat' dir='ltr'><strong>florum</strong></span> 
     </span>
     <span class='ocr_line' id='line_1_10' title="bbox 290 1700 1458 1784; baseline 0.002 -21"><span class='ocrx_word' id='word_1_75' title='bbox 290 1700 484 1764; x_wconf 89' lang='lat' dir='ltr'><strong>uarietatibus</strong></span> <span class='ocrx_word' id='word_1_76' title='bbox 501 1700 655 1764; x_wconf 80' lang='lat' dir='ltr'><strong>nascitur:</strong></span> <span class='ocrx_word' id='word_1_77' title='bbox 679 1720 748 1763; x_wconf 88' lang='lat' dir='ltr'><strong>nam</strong></span> <span class='ocrx_word' id='word_1_78' title='bbox 764 1720 817 1784; x_wconf 89' lang='lat' dir='ltr'><strong>per</strong></span> <span class='ocrx_word' id='word_1_79' title='bbox 832 1720 950 1765; x_wconf 90' lang='lat' dir='ltr'><strong>omnem</strong></span> <span class='ocrx_word' id='word_1_80' title='bbox 964 1721 1074 1764; x_wconf 90' lang='lat' dir='ltr'><strong>annum</strong></span> <span class='ocrx_word' id='word_1_81' title='bbox 1091 1700 1223 1764; x_wconf 89' lang='lat' dir='ltr'><strong>uicissim</strong></span> <span class='ocrx_word' id='word_1_82' title='bbox 1239 1700 1297 1764; x_wconf 91' lang='lat' dir='ltr'><strong>sibi</strong></span> <span class='ocrx_word' id='word_1_83' title='bbox 1312 1715 1458 1765; x_wconf 82' lang='lat' dir='ltr'><strong>succe-15</strong></span> 
     </span>
     <span class='ocr_line' id='line_1_11' title="bbox 290 1805 1417 1890; baseline 0 -22"><span class='ocrx_word' id='word_1_84' title='bbox 290 1805 426 1870; x_wconf 92' lang='lat' dir='ltr'><strong>dentibus</strong></span> <span class='ocrx_word' id='word_1_85' title='bbox 443 1806 564 1870; x_wconf 84' lang='lat' dir='ltr'><strong>floribus</strong></span> <span class='ocrx_word' id='word_1_86' title='bbox 581 1817 756 1871; x_wconf 80' lang='lat' dir='ltr'><strong>coronatur.</strong></span> <span class='ocrx_word' id='word_1_87' title='bbox 789 1805 853 1870; x_wconf 93' lang='lat' dir='ltr'><strong>lllic</strong></span> <span class='ocrx_word' id='word_1_88' title='bbox 867 1806 1006 1870; x_wconf 89' lang='lat' dir='ltr'><strong>inuenies</strong></span> <span class='ocrx_word' id='word_1_89' title='bbox 1022 1806 1155 1889; x_wconf 81' lang='lat' dir='ltr'><strong>quicquit</strong></span> <span class='ocrx_word' id='word_1_90' title='bbox 1168 1806 1302 1890; x_wconf 85' lang='lat' dir='ltr'><strong>yaciutbi</strong></span> <span class='ocrx_word' id='word_1_91' title='bbox 1316 1818 1417 1889; x_wconf 83' lang='lat' dir='ltr'><strong>turget</strong></span> 
     </span>
     <span class='ocr_line' id='line_1_12' title="bbox 289 1912 1417 1996; baseline 0.001 -23"><span class='ocrx_word' id='word_1_92' title='bbox 289 1912 320 1973; x_wconf 93' lang='lat' dir='ltr'><strong>in</strong></span> <span class='ocrx_word' id='word_1_93' title='bbox 343 1914 476 1991; x_wconf 86' lang='lat' dir='ltr'><strong>caulem,</strong></span> <span class='ocrx_word' id='word_1_94' title='bbox 499 1912 561 1976; x_wconf 86' lang='lat' dir='ltr'><strong>illic</strong></span> <span class='ocrx_word' id='word_1_95' title='bbox 584 1935 698 1976; x_wconf 87' lang='lat' dir='ltr'><strong>comam</strong></span> <span class='ocrx_word' id='word_1_96' title='bbox 723 1912 847 1978; x_wconf 81' lang='lat' dir='ltr'><strong>narcissi</strong></span> <span class='ocrx_word' id='word_1_97' title='bbox 870 1913 918 1975; x_wconf 91' lang='lat' dir='ltr'><strong>nel</strong></span> <span class='ocrx_word' id='word_1_98' title='bbox 933 1913 1011 1995; x_wconf 92' lang='lat' dir='ltr'><strong>quod</strong></span> <span class='ocrx_word' id='word_1_99' title='bbox 1035 1931 1156 1975; x_wconf 87' lang='lat' dir='ltr'><strong>auream</strong></span> <span class='ocrx_word' id='word_1_100' title='bbox 1173 1933 1273 1976; x_wconf 90' lang='lat' dir='ltr'><strong>rosam</strong></span> <span class='ocrx_word' id='word_1_101' title='bbox 1290 1913 1417 1996; x_wconf 87' lang='lat' dir='ltr'><strong>desuper</strong></span> 
     </span>
     <span class='ocr_line' id='line_1_13' title="bbox 290 2018 1417 2103; baseline -0.001 -24"><span class='ocrx_word' id='word_1_102' title='bbox 290 2018 395 2101; x_wconf 86' lang='lat' dir='ltr'><strong>pingit,</strong></span> <span class='ocrx_word' id='word_1_103' title='bbox 419 2018 481 2081; x_wconf 92' lang='lat' dir='ltr'><strong>illic</strong></span> <span class='ocrx_word' id='word_1_104' title='bbox 497 2018 581 2082; x_wconf 88' lang='lat' dir='ltr'><strong>albae</strong></span> <span class='ocrx_word' id='word_1_105' title='bbox 597 2018 725 2083; x_wconf 87' lang='lat' dir='ltr'><strong>hederae</strong></span> <span class='ocrx_word' id='word_1_106' title='bbox 740 2039 793 2103; x_wconf 87' lang='lat' dir='ltr'><strong>per</strong></span> <span class='ocrx_word' id='word_1_107' title='bbox 809 2030 921 2082; x_wconf 91' lang='lat' dir='ltr'><strong>terram</strong></span> <span class='ocrx_word' id='word_1_108' title='bbox 937 2018 1068 2081; x_wconf 87' lang='lat' dir='ltr'><strong>molliter</strong></span> <span class='ocrx_word' id='word_1_109' title='bbox 1082 2028 1207 2100; x_wconf 87' lang='lat' dir='ltr'><strong>serpunt</strong></span> <span class='ocrx_word' id='word_1_110' title='bbox 1222 2028 1252 2080; x_wconf 91' lang='lat' dir='ltr'><strong>et</strong></span> <span class='ocrx_word' id='word_1_111' title='bbox 1267 2039 1330 2081; x_wconf 86' lang='lat' dir='ltr'><strong>eum</strong></span> <span class='ocrx_word' id='word_1_112' title='bbox 1348 2039 1417 2099; x_wconf 83' lang='lat' dir='ltr'><strong>pnr-</strong></span> 
     </span>
     <span class='ocr_line' id='line_1_14' title="bbox 291 2124 1417 2208; baseline -0.001 -21"><span class='ocrx_word' id='word_1_113' title='bbox 291 2124 391 2208; x_wconf 90' lang='lat' dir='ltr'><strong>pureis</strong></span> <span class='ocrx_word' id='word_1_114' title='bbox 421 2124 510 2187; x_wconf 91' lang='lat' dir='ltr'><strong>uiolis</strong></span> <span class='ocrx_word' id='word_1_115' title='bbox 540 2125 673 2189; x_wconf 90' lang='lat' dir='ltr'><strong>suauiter</strong></span> <span class='ocrx_word' id='word_1_116' title='bbox 701 2125 812 2190; x_wconf 92' lang='lat' dir='ltr'><strong>rubens</strong></span> <span class='ocrx_word' id='word_1_117' title='bbox 842 2146 997 2189; x_wconf 82' lang='lat' dir='ltr'><strong>amaracus</strong></span> <span class='ocrx_word' id='word_1_118' title='bbox 1022 2124 1175 2189; x_wconf 88' lang='lat' dir='ltr'><strong>inuenitur</strong></span> <span class='ocrx_word' id='word_1_119' title='bbox 1197 2145 1252 2187; x_wconf 89' lang='lat' dir='ltr'><strong>nec</strong></span> <span class='ocrx_word' id='word_1_120' title='bbox 1275 2145 1417 2188; x_wconf 79' lang='lat' dir='ltr'><strong>somnam</strong></span> 
     </span>
     <span class='ocr_line' id='line_1_15' title="bbox 291 2229 1459 2316; baseline 0.002 -25"><span class='ocrx_word' id='word_1_121' title='bbox 291 2229 380 2293; x_wconf 86' lang='lat' dir='ltr'><strong>istam</strong></span> <span class='ocrx_word' id='word_1_122' title='bbox 396 2229 463 2293; x_wconf 84' lang='lat' dir='ltr'><strong>alba</strong></span> <span class='ocrx_word' id='word_1_123' title='bbox 479 2230 619 2295; x_wconf 89' lang='lat' dir='ltr'><strong>deserunt</strong></span> <span class='ocrx_word' id='word_1_124' title='bbox 635 2230 718 2294; x_wconf 89' lang='lat' dir='ltr'><strong>lilia:</strong></span> <span class='ocrx_word' id='word_1_125' title='bbox 736 2253 861 2315; x_wconf 90' lang='lat' dir='ltr'><strong>prorsus</strong></span> <span class='ocrx_word' id='word_1_126' title='bbox 877 2243 964 2316; x_wconf 90' lang='lat' dir='ltr'><strong>aptus</strong></span> <span class='ocrx_word' id='word_1_127' title='bbox 980 2232 1063 2295; x_wconf 90' lang='lat' dir='ltr'><strong>locus</strong></span> <span class='ocrx_word' id='word_1_128' title='bbox 1079 2232 1128 2314; x_wconf 94' lang='lat' dir='ltr'><strong>qui</strong></span> <span class='ocrx_word' id='word_1_129' title='bbox 1145 2232 1242 2315; x_wconf 89' lang='lat' dir='ltr'><strong>gratia</strong></span> <span class='ocrx_word' id='word_1_130' title='bbox 1256 2252 1311 2295; x_wconf 92' lang='lat' dir='ltr'><strong>sna</strong></span> <span class='ocrx_word' id='word_1_131' title='bbox 1335 2230 1459 2314; x_wconf 79' lang='lat' dir='ltr'><strong>puel-20</strong></span> 
     </span>
     <span class='ocr_line' id='line_1_16' title="bbox 292 2336 1418 2422; baseline 0.001 -24"><span class='ocrx_word' id='word_1_132' title='bbox 292 2336 372 2399; x_wconf 88' lang='lat' dir='ltr'><strong>lares</strong></span> <span class='ocrx_word' id='word_1_133' title='bbox 394 2336 509 2400; x_wconf 89' lang='lat' dir='ltr'><strong>animos</strong></span> <span class='ocrx_word' id='word_1_134' title='bbox 532 2348 561 2399; x_wconf 90' lang='lat' dir='ltr'><strong>et</strong></span> <span class='ocrx_word' id='word_1_135' title='bbox 583 2337 728 2401; x_wconf 86' lang='lat' dir='ltr'><strong>inuitaret</strong></span> <span class='ocrx_word' id='word_1_136' title='bbox 750 2341 862 2422; x_wconf 88' lang='lat' dir='ltr'><strong>pariter</strong></span> <span class='ocrx_word' id='word_1_137' title='bbox 884 2350 915 2403; x_wconf 89' lang='lat' dir='ltr'><strong>et</strong></span> <span class='ocrx_word' id='word_1_138' title='bbox 936 2348 1064 2402; x_wconf 85' lang='lat' dir='ltr'><strong>teneret.</strong></span> <span class='ocrx_word' id='word_1_139' title='bbox 1097 2339 1131 2400; x_wconf 91' lang='lat' dir='ltr'><strong>ln</strong></span> <span class='ocrx_word' id='word_1_140' title='bbox 1152 2339 1209 2402; x_wconf 93' lang='lat' dir='ltr'><strong>boc</strong></span> <span class='ocrx_word' id='word_1_141' title='bbox 1231 2339 1298 2401; x_wconf 94' lang='lat' dir='ltr'><strong>loco</strong></span> <span class='ocrx_word' id='word_1_142' title='bbox 1318 2358 1418 2401; x_wconf 91' lang='lat' dir='ltr'><strong>cuma</strong></span> 
     </span>
     <span class='ocr_line' id='line_1_17' title="bbox 292 2440 1418 2527; baseline 0 -23"><span class='ocrx_word' id='word_1_143' title='bbox 292 2442 417 2506; x_wconf 89' lang='lat' dir='ltr'><strong>Plutone</strong></span> <span class='ocrx_word' id='word_1_144' title='bbox 433 2443 519 2525; x_wconf 88' lang='lat' dir='ltr'><strong>uirgo</strong></span> <span class='ocrx_word' id='word_1_145' title='bbox 536 2463 627 2526; x_wconf 88' lang='lat' dir='ltr'><strong>prope</strong></span> <span class='ocrx_word' id='word_1_146' title='bbox 643 2464 799 2527; x_wconf 90' lang='lat' dir='ltr'><strong>uesperam</strong></span> <span class='ocrx_word' id='word_1_147' title='bbox 819 2445 925 2509; x_wconf 85' lang='lat' dir='ltr'><strong>inisset</strong></span> <span class='ocrx_word' id='word_1_148' title='bbox 946 2440 1069 2508; x_wconf 81' lang='lat' dir='ltr'><strong>inuenta</strong></span> <span class='ocrx_word' id='word_1_149' title='bbox 1091 2444 1122 2506; x_wconf 90' lang='lat' dir='ltr'><strong>ui</strong></span> <span class='ocrx_word' id='word_1_150' title='bbox 1136 2444 1252 2527; x_wconf 86' lang='lat' dir='ltr'><strong>rapitur</strong></span> <span class='ocrx_word' id='word_1_151' title='bbox 1267 2453 1298 2505; x_wconf 88' lang='lat' dir='ltr'><strong>et</strong></span> <span class='ocrx_word' id='word_1_152' title='bbox 1312 2463 1418 2525; x_wconf 90' lang='lat' dir='ltr'><strong>snper-</strong></span> 
     </span>
     <span class='ocr_line' id='line_1_18' title="bbox 291 2548 1416 2631; baseline -0.002 -20"><span class='ocrx_word' id='word_1_153' title='bbox 291 2548 429 2631; x_wconf 86' lang='lat' dir='ltr'><strong>imposita</strong></span> <span class='ocrx_word' id='word_1_154' title='bbox 451 2548 588 2612; x_wconf 89' lang='lat' dir='ltr'><strong>uehiculo</strong></span> <span class='ocrx_word' id='word_1_155' title='bbox 610 2549 713 2612; x_wconf 90' lang='lat' dir='ltr'><strong>scissis</strong></span> <span class='ocrx_word' id='word_1_156' title='bbox 735 2550 869 2613; x_wconf 90' lang='lat' dir='ltr'><strong>uestibus</strong></span> <span class='ocrx_word' id='word_1_157' title='bbox 897 2549 1038 2612; x_wconf 91' lang='lat' dir='ltr'><strong>laceratis</strong></span> <span class='ocrx_word' id='word_1_158' title='bbox 1060 2548 1192 2612; x_wconf 89' lang='lat' dir='ltr'><strong>crinibus</strong></span> <span class='ocrx_word' id='word_1_159' title='bbox 1215 2549 1332 2611; x_wconf 87' lang='lat' dir='ltr'><strong>ducitur</strong></span> <span class='ocrx_word' id='word_1_160' title='bbox 1361 2569 1416 2610; x_wconf 91' lang='lat' dir='ltr'><strong>nec</strong></span> 
     </span>
     <span class='ocr_line' id='line_1_19' title="bbox 291 2653 1531 2737; baseline -0.006 -18"><span class='ocrx_word' id='word_1_161' title='bbox 291 2657 440 2720; x_wconf 88' lang='lat' dir='ltr'><strong>reseruati</strong></span> <span class='ocrx_word' id='word_1_162' title='bbox 456 2675 572 2737; x_wconf 89' lang='lat' dir='ltr'><strong>ungues</strong></span> <span class='ocrx_word' id='word_1_163' title='bbox 582 2665 685 2717; x_wconf 90' lang='lat' dir='ltr'><strong>contra</strong></span> <span class='ocrx_word' id='word_1_164' title='bbox 698 2663 861 2716; x_wconf 84' lang='lat' dir='ltr'><strong>amatorem</strong></span> <span class='ocrx_word' id='word_1_165' title='bbox 874 2654 1018 2717; x_wconf 89' lang='lat' dir='ltr'><strong>rusticum</strong></span> <span class='ocrx_word' id='word_1_166' title='bbox 1029 2653 1139 2735; x_wconf 93' lang='lat' dir='ltr'><strong>aliquid</strong></span> <span class='ocrx_word' id='word_1_167' title='bbox 1153 2654 1329 2734; x_wconf 87' lang='lat' dir='ltr'><strong>prosuerunt</strong></span> <span class='ocrx_word' id='word_1_168' title='bbox 1341 2659 1346 2735; x_wconf 83' lang='grc' dir='ltr'>Ι</span> <span class='ocrx_word' id='word_1_169' title='bbox 1359 2664 1480 2715; x_wconf 66' lang='lat' dir='ltr'><strong>necrol.</strong></span> <span class='ocrx_word' id='word_1_170' title='bbox 1493 2665 1531 2714; x_wconf 79' lang='lat'><strong>8⁸.</strong></span> 
     </span>
     <span class='ocr_line' id='line_1_20' title="bbox 293 2758 1417 2842; baseline -0.005 -18"><span class='ocrx_word' id='word_1_171' title='bbox 293 2761 407 2824; x_wconf 90' lang='lat' dir='ltr'><strong>clamor</strong></span> <span class='ocrx_word' id='word_1_172' title='bbox 430 2772 520 2842; x_wconf 90' lang='lat' dir='ltr'><strong>atque</strong></span> <span class='ocrx_word' id='word_1_173' title='bbox 542 2759 671 2823; x_wconf 90' lang='lat' dir='ltr'><strong>ululatus</strong></span> <span class='ocrx_word' id='word_1_174' title='bbox 692 2758 808 2821; x_wconf 88' lang='lat' dir='ltr'><strong>adiuuit</strong></span> <span class='ocrx_word' id='word_1_175' title='bbox 828 2780 883 2822; x_wconf 90' lang='lat' dir='ltr'><strong>nec</strong></span> <span class='ocrx_word' id='word_1_176' title='bbox 898 2766 1065 2823; x_wconf 85' lang='lat' dir='ltr'><strong>ceterarum</strong></span> <span class='ocrx_word' id='word_1_177' title='bbox 1081 2760 1223 2842; x_wconf 88' lang='lat' dir='ltr'><strong>strepitus</strong></span> <span class='ocrx_word' id='word_1_178' title='bbox 1239 2758 1417 2841; x_wconf 89' lang='lat' dir='ltr'><strong>puellarum.</strong></span> 
     </span>
     <span class='ocr_line' id='line_1_21' title="bbox 293 2863 1419 2943; baseline -0.001 -15"><span class='ocrx_word' id='word_1_179' title='bbox 293 2867 380 2928; x_wconf 87' lang='lat' dir='ltr'><strong>Tunc</strong></span> <span class='ocrx_word' id='word_1_180' title='bbox 396 2886 456 2929; x_wconf 90' lang='lat' dir='ltr'><strong>una</strong></span> <span class='ocrx_word' id='word_1_181' title='bbox 472 2863 564 2928; x_wconf 88' lang='lat' dir='ltr'><strong>celeri</strong></span> <span class='ocrx_word' id='word_1_182' title='bbox 580 2884 681 2943; x_wconf 91' lang='lat' dir='ltr'><strong>cursu,</strong></span> <span class='ocrx_word' id='word_1_183' title='bbox 692 2886 757 2928; x_wconf 91' lang='lat' dir='ltr'><strong>oum</strong></span> <span class='ocrx_word' id='word_1_184' title='bbox 774 2864 809 2928; x_wconf 88' lang='lat' dir='ltr'><strong>de</strong></span> <span class='ocrx_word' id='word_1_185' title='bbox 825 2864 945 2929; x_wconf 89' lang='lat' dir='ltr'><strong>ciuitate</strong></span> <span class='ocrx_word' id='word_1_186' title='bbox 962 2887 1049 2930; x_wconf 89' lang='lat' dir='ltr'><strong>nemo</strong></span> <span class='ocrx_word' id='word_1_187' title='bbox 1064 2874 1267 2943; x_wconf 90' lang='lat' dir='ltr'><strong>succurreret,</strong></span> <span class='ocrx_word' id='word_1_188' title='bbox 1285 2865 1363 2928; x_wconf 85' lang='lat' dir='ltr'><strong>iacta</strong></span> <span class='ocrx_word' id='word_1_189' title='bbox 1380 2884 1419 2927; x_wconf 87' lang='lat' dir='ltr'><strong>ex</strong></span> 
     </span>
     <span class='ocr_line' id='line_1_22' title="bbox 293 2970 1420 3057; baseline -0.002 -21"><span class='ocrx_word' id='word_1_190' title='bbox 293 2975 360 3057; x_wconf 93' lang='lat' dir='ltr'><strong>ipso</strong></span> <span class='ocrx_word' id='word_1_191' title='bbox 376 2973 484 3035; x_wconf 88' lang='lat' dir='ltr'><strong>timore</strong></span> <span class='ocrx_word' id='word_1_192' title='bbox 500 2970 634 3036; x_wconf 90' lang='lat' dir='ltr'><strong>uelocior</strong></span> <span class='ocrx_word' id='word_1_193' title='bbox 648 2973 736 3034; x_wconf 85' lang='lat' dir='ltr'><strong>matri</strong></span> <span class='ocrx_word' id='word_1_194' title='bbox 751 2982 867 3053; x_wconf 89' lang='lat' dir='ltr'><strong>raptum</strong></span> <span class='ocrx_word' id='word_1_195' title='bbox 883 2971 1010 3054; x_wconf 87' lang='lat' dir='ltr'><strong>uirginis</strong></span> <span class='ocrx_word' id='word_1_196' title='bbox 1026 2971 1154 3034; x_wconf 89' lang='lat' dir='ltr'><strong>nuntiat.</strong></span> <span class='ocrx_word' id='word_1_197' title='bbox 1187 2972 1297 3036; x_wconf 87' lang='lat' dir='ltr'><strong>Contra</strong></span> <span class='ocrx_word' id='word_1_198' title='bbox 1319 2983 1420 3056; x_wconf 89' lang='lat' dir='ltr'><strong>rapto-</strong></span> 
     </span>
     <span class='ocr_line' id='line_1_23' title="bbox 292 3077 1462 3162; baseline -0.003 -19"><span class='ocrx_word' id='word_1_199' title='bbox 292 3101 356 3143; x_wconf 88' lang='lat' dir='ltr'><strong>rem</strong></span> <span class='ocrx_word' id='word_1_200' title='bbox 372 3078 525 3162; x_wconf 91' lang='lat' dir='ltr'><strong>indignata</strong></span> <span class='ocrx_word' id='word_1_201' title='bbox 541 3088 637 3140; x_wconf 88' lang='lat' dir='ltr'><strong>mater</strong></span> <span class='ocrx_word' id='word_1_202' title='bbox 652 3088 796 3142; x_wconf 90' lang='lat' dir='ltr'><strong>armatam</strong></span> <span class='ocrx_word' id='word_1_203' title='bbox 808 3099 926 3142; x_wconf 90' lang='lat' dir='ltr'><strong>manum</strong></span> <span class='ocrx_word' id='word_1_204' title='bbox 940 3077 1037 3157; x_wconf 81' lang='lat' dir='ltr'><strong>ducit3</strong></span> <span class='ocrx_word' id='word_1_205' title='bbox 1054 3098 1110 3141; x_wconf 89' lang='lat' dir='ltr'><strong>nec</strong></span> <span class='ocrx_word' id='word_1_206' title='bbox 1118 3079 1275 3143; x_wconf 89' lang='lat' dir='ltr'><strong>Plutonem</strong></span> <span class='ocrx_word' id='word_1_207' title='bbox 1286 3078 1420 3142; x_wconf 91' lang='lat' dir='ltr'><strong>mulieris</strong></span> <span class='ocrx_word' id='word_1_208' title='bbox 1446 3090 1462 3139; x_wconf 82' lang='lat'>5</span> 
     </span>
     <span class='ocr_line' id='line_1_24' title="bbox 294 3184 1420 3263; baseline 0 -16"><span class='ocrx_word' id='word_1_209' title='bbox 294 3184 399 3248; x_wconf 85' lang='lat' dir='ltr'><strong>lelellit</strong></span> <span class='ocrx_word' id='word_1_210' title='bbox 413 3185 572 3263; x_wconf 89' lang='lat' dir='ltr'><strong>aduentus,</strong></span> <span class='ocrx_word' id='word_1_211' title='bbox 583 3186 635 3247; x_wconf 91' lang='lat' dir='ltr'><strong>sed</strong></span> <span class='ocrx_word' id='word_1_212' title='bbox 652 3195 685 3247; x_wconf 93' lang='lat' dir='ltr'><strong>ut</strong></span> <span class='ocrx_word' id='word_1_213' title='bbox 699 3184 824 3248; x_wconf 87' lang='lat' dir='ltr'><strong>retorsit</strong></span> <span class='ocrx_word' id='word_1_214' title='bbox 839 3185 875 3247; x_wconf 89' lang='lat' dir='ltr'><strong>ad</strong></span> <span class='ocrx_word' id='word_1_215' title='bbox 891 3185 1041 3248; x_wconf 86' lang='lat' dir='ltr'><strong>ciuitatem</strong></span> <span class='ocrx_word' id='word_1_216' title='bbox 1058 3185 1161 3249; x_wconf 91' lang='lat' dir='ltr'><strong>oculos</strong></span> <span class='ocrx_word' id='word_1_217' title='bbox 1177 3197 1208 3248; x_wconf 86' lang='lat' dir='ltr'><strong>et</strong></span> <span class='ocrx_word' id='word_1_218' title='bbox 1222 3185 1353 3248; x_wconf 86' lang='lat' dir='ltr'><strong>infinitos</strong></span> <span class='ocrx_word' id='word_1_219' title='bbox 1369 3207 1420 3247; x_wconf 92' lang='lat' dir='ltr'><strong>cu·</strong></span> 
     </span>
     <span class='ocr_line' id='line_1_25' title="bbox 296 3290 1420 3375; baseline 0 -22"><span class='ocrx_word' id='word_1_220' title='bbox 296 3312 368 3354; x_wconf 91' lang='lat' dir='ltr'><strong>neos</strong></span> <span class='ocrx_word' id='word_1_221' title='bbox 385 3293 520 3373; x_wconf 82' lang='lat' dir='ltr'><strong>respexit</strong></span> <span class='ocrx_word' id='word_1_222' title='bbox 535 3293 641 3355; x_wconf 86' lang='lat' dir='ltr'><strong>uenire</strong></span> <span class='ocrx_word' id='word_1_223' title='bbox 664 3313 730 3354; x_wconf 90' lang='lat' dir='ltr'><strong>cnm</strong></span> <span class='ocrx_word' id='word_1_224' title='bbox 754 3301 849 3354; x_wconf 90' lang='lat' dir='ltr'><strong>matre</strong></span> <span class='ocrx_word' id='word_1_225' title='bbox 872 3292 1023 3354; x_wconf 88' lang='lat' dir='ltr'><strong>funestum</strong></span> <span class='ocrx_word' id='word_1_226' title='bbox 1049 3291 1129 3375; x_wconf 86' lang='lat' dir='ltr'><strong>oepit</strong></span> <span class='ocrx_word' id='word_1_227' title='bbox 1149 3311 1190 3354; x_wconf 84' lang='lat' dir='ltr'><strong>ex</strong></span> <span class='ocrx_word' id='word_1_228' title='bbox 1212 3290 1420 3374; x_wconf 87' lang='lat' dir='ltr'><strong>desperatione</strong></span> 
     </span>
     <span class='ocr_line' id='line_1_26' title="bbox 296 3394 1420 3480; baseline -0.001 -22"><span class='ocrx_word' id='word_1_229' title='bbox 296 3397 468 3461; x_wconf 87' lang='lat' dir='ltr'><strong>consilium:</strong></span> <span class='ocrx_word' id='word_1_230' title='bbox 498 3397 670 3480; x_wconf 86' lang='lat' dir='ltr'><strong>quadrigam</strong></span> <span class='ocrx_word' id='word_1_231' title='bbox 687 3418 761 3480; x_wconf 90' lang='lat' dir='ltr'><strong>quae</strong></span> <span class='ocrx_word' id='word_1_232' title='bbox 777 3396 943 3460; x_wconf 88' lang='lat' dir='ltr'><strong>uehiculum</strong></span> <span class='ocrx_word' id='word_1_233' title='bbox 959 3397 1094 3462; x_wconf 86' lang='lat' dir='ltr'><strong>trahebat</strong></span> <span class='ocrx_word' id='word_1_234' title='bbox 1111 3417 1165 3480; x_wconf 90' lang='lat' dir='ltr'><strong>per</strong></span> <span class='ocrx_word' id='word_1_235' title='bbox 1178 3396 1307 3460; x_wconf 89' lang='lat' dir='ltr'><strong>medinm</strong></span> <span class='ocrx_word' id='word_1_236' title='bbox 1323 3394 1420 3458; x_wconf 90' lang='lat' dir='ltr'><strong>lacum</strong></span> 
     </span>
     <span class='ocr_line' id='line_1_27' title="bbox 296 3503 1418 3588; baseline -0.004 -21"><span class='ocrx_word' id='word_1_237' title='bbox 296 3503 407 3586; x_wconf 81' lang='lat' dir='ltr'><strong>dirigit.</strong></span> <span class='ocrx_word' id='word_1_238' title='bbox 441 3503 468 3566; x_wconf 90' lang='lat' dir='ltr'><strong>ls</strong></span> <span class='ocrx_word' id='word_1_239' title='bbox 485 3515 552 3566; x_wconf 87' lang='lat' dir='ltr'><strong>erat</strong></span> <span class='ocrx_word' id='word_1_240' title='bbox 565 3504 718 3588; x_wconf 88' lang='lat' dir='ltr'><strong>profundis</strong></span> <span class='ocrx_word' id='word_1_241' title='bbox 734 3503 929 3584; x_wconf 86' lang='lat' dir='ltr'><strong>uoraginibus</strong></span> <span class='ocrx_word' id='word_1_242' title='bbox 945 3504 1115 3568; x_wconf 89' lang='lat' dir='ltr'><strong>immersus.</strong></span> <span class='ocrx_word' id='word_1_243' title='bbox 1148 3503 1211 3565; x_wconf 91' lang='lat' dir='ltr'><strong>lllic</strong></span> <span class='ocrx_word' id='word_1_244' title='bbox 1235 3524 1301 3565; x_wconf 90' lang='lat' dir='ltr'><strong>cnm</strong></span> <span class='ocrx_word' id='word_1_245' title='bbox 1323 3512 1418 3564; x_wconf 89' lang='lat' dir='ltr'><strong>amata</strong></span> 
     </span>
     <span class='ocr_line' id='line_1_28' title="bbox 295 3608 1464 3692; baseline -0.004 -20"><span class='ocrx_word' id='word_1_246' title='bbox 295 3609 467 3672; x_wconf 86' lang='lat' dir='ltr'><strong>submersus</strong></span> <span class='ocrx_word' id='word_1_247' title='bbox 497 3609 615 3692; x_wconf 90' lang='lat' dir='ltr'><strong>uirgine</strong></span> <span class='ocrx_word' id='word_1_248' title='bbox 644 3610 831 3673; x_wconf 87' lang='lat' dir='ltr'><strong>miserandae</strong></span> <span class='ocrx_word' id='word_1_249' title='bbox 855 3609 943 3672; x_wconf 86' lang='lat' dir='ltr'><strong>matri</strong></span> <span class='ocrx_word' id='word_1_250' title='bbox 973 3610 1010 3671; x_wconf 89' lang='lat' dir='ltr'><strong>de</strong></span> <span class='ocrx_word' id='word_1_251' title='bbox 1038 3619 1135 3673; x_wconf 90' lang='lat' dir='ltr'><strong>morte</strong></span> <span class='ocrx_word' id='word_1_252' title='bbox 1163 3608 1242 3672; x_wconf 88' lang='lat' dir='ltr'><strong>filiae</strong></span> <span class='ocrx_word' id='word_1_253' title='bbox 1269 3611 1419 3673; x_wconf 83' lang='lat' dir='ltr'><strong>funestum</strong></span> <span class='ocrx_word' id='word_1_254' title='bbox 1432 3619 1464 3669; x_wconf 85' lang='lat'><strong>10</strong></span> 
     </span>
     <span class='ocr_line' id='line_1_29' title="bbox 295 3714 1421 3799; baseline 0 -21"><span class='ocrx_word' id='word_1_255' title='bbox 295 3716 493 3799; x_wconf 89' lang='lat' dir='ltr'><strong>spectaculum</strong></span> <span class='ocrx_word' id='word_1_256' title='bbox 511 3714 655 3799; x_wconf 90' lang='lat' dir='ltr'><strong>praebuit.</strong></span> <span class='ocrx_word' id='word_1_257' title='bbox 688 3715 863 3780; x_wconf 89' lang='lat' dir='ltr'><strong>Hennenses</strong></span> <span class='ocrx_word' id='word_1_258' title='bbox 881 3727 912 3780; x_wconf 89' lang='lat' dir='ltr'><strong>ut</strong></span> <span class='ocrx_word' id='word_1_259' title='bbox 926 3726 1050 3799; x_wconf 89' lang='lat' dir='ltr'><strong>possent</strong></span> <span class='ocrx_word' id='word_1_260' title='bbox 1071 3716 1214 3779; x_wconf 89' lang='lat' dir='ltr'><strong>maternis</strong></span> <span class='ocrx_word' id='word_1_261' title='bbox 1236 3715 1364 3779; x_wconf 88' lang='lat' dir='ltr'><strong>luctibus</strong></span> <span class='ocrx_word' id='word_1_262' title='bbox 1380 3736 1421 3778; x_wconf 86' lang='lat' dir='ltr'><strong>ex</strong></span> 
     </span>
     <span class='ocr_line' id='line_1_30' title="bbox 295 3820 1422 3907; baseline -0.001 -23"><span class='ocrx_word' id='word_1_263' title='bbox 295 3822 392 3904; x_wconf 89' lang='lat' dir='ltr'><strong>aliqua</strong></span> <span class='ocrx_word' id='word_1_264' title='bbox 408 3831 492 3903; x_wconf 87' lang='lat' dir='ltr'><strong>parte</strong></span> <span class='ocrx_word' id='word_1_265' title='bbox 507 3820 645 3883; x_wconf 88' lang='lat' dir='ltr'><strong>inuenire</strong></span> <span class='ocrx_word' id='word_1_266' title='bbox 661 3821 815 3899; x_wconf 89' lang='lat' dir='ltr'><strong>solacium,</strong></span> <span class='ocrx_word' id='word_1_267' title='bbox 829 3823 994 3885; x_wconf 87' lang='lat' dir='ltr'><strong>inferorum</strong></span> <span class='ocrx_word' id='word_1_268' title='bbox 1009 3841 1112 3907; x_wconf 88' lang='lat' dir='ltr'><strong>regem</strong></span> <span class='ocrx_word' id='word_1_269' title='bbox 1125 3822 1272 3907; x_wconf 93' lang='lat' dir='ltr'><strong>uirginem</strong></span> <span class='ocrx_word' id='word_1_270' title='bbox 1285 3821 1422 3905; x_wconf 89' lang='lat' dir='ltr'><strong>rapuisse</strong></span> 
     </span>
     <span class='ocr_line' id='line_1_31' title="bbox 296 3926 1420 4013; baseline -0.002 -23"><span class='ocrx_word' id='word_1_271' title='bbox 296 3929 467 3990; x_wconf 86' lang='lat' dir='ltr'><strong>lincxerunt</strong></span> <span class='ocrx_word' id='word_1_272' title='bbox 488 3936 518 3988; x_wconf 89' lang='lat' dir='ltr'><strong>et</strong></span> <span class='ocrx_word' id='word_1_273' title='bbox 539 3936 573 3989; x_wconf 90' lang='lat' dir='ltr'><strong>nt</strong></span> <span class='ocrx_word' id='word_1_274' title='bbox 594 3926 666 3990; x_wconf 88' lang='lat' dir='ltr'><strong>fides</strong></span> <span class='ocrx_word' id='word_1_275' title='bbox 687 3926 825 4010; x_wconf 87' lang='lat' dir='ltr'><strong>figmenta</strong></span> <span class='ocrx_word' id='word_1_276' title='bbox 848 3940 1026 4010; x_wconf 87' lang='lat' dir='ltr'><strong>sequeretur</strong></span> <span class='ocrx_word' id='word_1_277' title='bbox 1052 3949 1144 4013; x_wconf 90' lang='lat' dir='ltr'><strong>prope</strong></span> <span class='ocrx_word' id='word_1_278' title='bbox 1165 3929 1330 4012; x_wconf 85' lang='lat' dir='ltr'><strong>Syracusas</strong></span> <span class='ocrx_word' id='word_1_279' title='bbox 1353 3949 1420 3990; x_wconf 91' lang='lat' dir='ltr'><strong>eum</strong></span> 
     </span>
     <span class='ocr_line' id='line_1_32' title="bbox 296 4031 1421 4119; baseline -0.002 -22"><span class='ocrx_word' id='word_1_280' title='bbox 296 4054 349 4119; x_wconf 87' lang='lat' dir='ltr'><strong>per</strong></span> <span class='ocrx_word' id='word_1_281' title='bbox 364 4033 452 4114; x_wconf 84' lang='lat' dir='ltr'><strong>alium</strong></span> <span class='ocrx_word' id='word_1_282' title='bbox 469 4034 567 4096; x_wconf 91' lang='lat' dir='ltr'><strong>locum</strong></span> <span class='ocrx_word' id='word_1_283' title='bbox 583 4054 648 4096; x_wconf 87' lang='lat' dir='ltr'><strong>curn</strong></span> <span class='ocrx_word' id='word_1_284' title='bbox 665 4031 783 4115; x_wconf 87' lang='lat' dir='ltr'><strong>uirgine</strong></span> <span class='ocrx_word' id='word_1_285' title='bbox 799 4033 959 4098; x_wconf 87' lang='lat' dir='ltr'><strong>emersisse</strong></span> <span class='ocrx_word' id='word_1_286' title='bbox 980 4036 1139 4098; x_wconf 89' lang='lat' dir='ltr'><strong>iactarnnt.</strong></span> <span class='ocrx_word' id='word_1_287' title='bbox 1173 4035 1326 4117; x_wconf 88' lang='lat' dir='ltr'><strong>Templum</strong></span> <span class='ocrx_word' id='word_1_288' title='bbox 1348 4053 1421 4096; x_wconf 91' lang='lat' dir='ltr'><strong>sane</strong></span> 
     </span>
     <span class='ocr_line' id='line_1_33' title="bbox 297 4138 1463 4225; baseline -0.005 -23"><span class='ocrx_word' id='word_1_289' title='bbox 297 4150 327 4202; x_wconf 91' lang='lat' dir='ltr'><strong>et</strong></span> <span class='ocrx_word' id='word_1_290' title='bbox 341 4139 455 4224; x_wconf 93' lang='lat' dir='ltr'><strong>raptori</strong></span> <span class='ocrx_word' id='word_1_291' title='bbox 472 4150 502 4202; x_wconf 89' lang='lat' dir='ltr'><strong>et</strong></span> <span class='ocrx_word' id='word_1_292' title='bbox 516 4138 628 4223; x_wconf 89' lang='lat' dir='ltr'><strong>uirgini</strong></span> <span class='ocrx_word' id='word_1_293' title='bbox 644 4148 783 4202; x_wconf 87' lang='lat' dir='ltr'><strong>accurate</strong></span> <span class='ocrx_word' id='word_1_294' title='bbox 802 4139 929 4203; x_wconf 88' lang='lat' dir='ltr'><strong>conlatis</strong></span> <span class='ocrx_word' id='word_1_295' title='bbox 951 4142 1115 4225; x_wconf 89' lang='lat' dir='ltr'><strong>sumptibus</strong></span> <span class='ocrx_word' id='word_1_296' title='bbox 1137 4141 1250 4205; x_wconf 81' lang='lat' dir='ltr'><strong>iaciunt</strong></span> <span class='ocrx_word' id='word_1_297' title='bbox 1271 4150 1301 4201; x_wconf 88' lang='lat' dir='ltr'><strong>et</strong></span> <span class='ocrx_word' id='word_1_298' title='bbox 1322 4148 1463 4201; x_wconf 87' lang='lat' dir='ltr'><strong>annna15</strong></span> 
     </span>
     <span class='ocr_line' id='line_1_34' title="bbox 295 4244 1423 4332; baseline 0 -24"><span class='ocrx_word' id='word_1_299' title='bbox 295 4247 326 4308; x_wconf 93' lang='lat' dir='ltr'><strong>iu</strong></span> <span class='ocrx_word' id='word_1_300' title='bbox 342 4248 451 4332; x_wconf 92' lang='lat' dir='ltr'><strong>templo</strong></span> <span class='ocrx_word' id='word_1_301' title='bbox 467 4256 537 4309; x_wconf 88' lang='lat' dir='ltr'><strong>uota</strong></span> <span class='ocrx_word' id='word_1_302' title='bbox 552 4246 732 4308; x_wconf 88' lang='lat' dir='ltr'><strong>decernunt:</strong></span> <span class='ocrx_word' id='word_1_303' title='bbox 758 4245 810 4308; x_wconf 88' lang='lat' dir='ltr'><strong>sed</strong></span> <span class='ocrx_word' id='word_1_304' title='bbox 833 4246 915 4308; x_wconf 93' lang='lat' dir='ltr'><strong>nullo</strong></span> <span class='ocrx_word' id='word_1_305' title='bbox 938 4266 1049 4329; x_wconf 87' lang='lat' dir='ltr'><strong>genere</strong></span> <span class='ocrx_word' id='word_1_306' title='bbox 1065 4247 1169 4310; x_wconf 90' lang='lat' dir='ltr'><strong>matris</strong></span> <span class='ocrx_word' id='word_1_307' title='bbox 1184 4245 1270 4308; x_wconf 89' lang='lat' dir='ltr'><strong>dolor</strong></span> <span class='ocrx_word' id='word_1_308' title='bbox 1293 4244 1423 4308; x_wconf 87' lang='lat' dir='ltr'><strong>uincitur</strong></span> 
     </span>
     <span class='ocr_line' id='line_1_35' title="bbox 298 4350 1422 4436; baseline -0.001 -21"><span class='ocrx_word' id='word_1_309' title='bbox 298 4374 352 4416; x_wconf 89' lang='lat' dir='ltr'><strong>nec</strong></span> <span class='ocrx_word' id='word_1_310' title='bbox 373 4350 529 4416; x_wconf 89' lang='lat' dir='ltr'><strong>muliebris</strong></span> <span class='ocrx_word' id='word_1_311' title='bbox 551 4350 744 4436; x_wconf 89' lang='lat' dir='ltr'><strong>inpatientiae</strong></span> <span class='ocrx_word' id='word_1_312' title='bbox 767 4362 915 4416; x_wconf 89' lang='lat' dir='ltr'><strong>tormenta</strong></span> <span class='ocrx_word' id='word_1_313' title='bbox 937 4364 1094 4431; x_wconf 87' lang='lat' dir='ltr'><strong>curantur,</strong></span> <span class='ocrx_word' id='word_1_314' title='bbox 1125 4351 1177 4416; x_wconf 92' lang='lat' dir='ltr'><strong>sed</strong></span> <span class='ocrx_word' id='word_1_315' title='bbox 1201 4351 1326 4416; x_wconf 89' lang='lat' dir='ltr'><strong>credens</strong></span> <span class='ocrx_word' id='word_1_316' title='bbox 1349 4371 1422 4414; x_wconf 88' lang='lat' dir='ltr'><strong>uere</strong></span> 
     </span>
     <span class='ocr_line' id='line_1_36' title="bbox 297 4456 1422 4542; baseline -0.001 -22"><span class='ocrx_word' id='word_1_317' title='bbox 297 4458 386 4522; x_wconf 86' lang='lat' dir='ltr'><strong>liliam</strong></span> <span class='ocrx_word' id='word_1_318' title='bbox 402 4478 494 4542; x_wconf 87' lang='lat' dir='ltr'><strong>prope</strong></span> <span class='ocrx_word' id='word_1_319' title='bbox 510 4457 675 4542; x_wconf 87' lang='lat' dir='ltr'><strong>Syracusas</strong></span> <span class='ocrx_word' id='word_1_320' title='bbox 691 4479 758 4522; x_wconf 88' lang='lat' dir='ltr'><strong>esse</strong></span> <span class='ocrx_word' id='word_1_321' title='bbox 775 4457 869 4522; x_wconf 90' lang='lat' dir='ltr'><strong>uisam</strong></span> <span class='ocrx_word' id='word_1_322' title='bbox 885 4457 1071 4542; x_wconf 82' lang='lat' dir='ltr'><strong>Triptolemo</strong></span> <span class='ocrx_word' id='word_1_323' title='bbox 1087 4459 1161 4522; x_wconf 89' lang='lat' dir='ltr'><strong>duce</strong></span> <span class='ocrx_word' id='word_1_324' title='bbox 1177 4456 1266 4522; x_wconf 91' lang='lat' dir='ltr'><strong>nilico</strong></span> <span class='ocrx_word' id='word_1_325' title='bbox 1282 4477 1336 4520; x_wconf 93' lang='lat' dir='ltr'><strong>suo</strong></span> <span class='ocrx_word' id='word_1_326' title='bbox 1351 4478 1422 4521; x_wconf 86' lang='lat' dir='ltr'><strong>noo·</strong></span> 
     </span>
    </p>
   </div>
   <div class='ocr_carea' id='block_1_3' title="bbox 298 4613 1422 4749">
    <p class='ocr_par' dir='ltr' id='par_1_3' title="bbox 298 4613 1422 4749">
     <span class='ocr_line' id='line_1_37' title="bbox 369 4613 1422 4680; baseline -0.001 -17"><span class='ocrx_word' id='word_1_327' title='bbox 369 4613 398 4666; x_wconf 87' lang='lat' dir='ltr'><strong>l7</strong></span> <span class='ocrx_word' id='word_1_328' title='bbox 412 4627 517 4664; x_wconf 86' lang='lat' dir='ltr'><strong>aureum</strong></span> <span class='ocrx_word' id='word_1_329' title='bbox 688 4615 702 4665; x_wconf 86' lang='grc'><strong>7</strong></span> <span class='ocrx_word' id='word_1_330' title='bbox 717 4614 814 4680; x_wconf 89' lang='lat' dir='ltr'><strong>disper.</strong></span> <span class='ocrx_word' id='word_1_331' title='bbox 989 4615 1005 4665; x_wconf 89' lang='lat'>8</span> <span class='ocrx_word' id='word_1_332' title='bbox 1017 4628 1068 4679; x_wconf 88' lang='lat' dir='ltr'><strong>qun</strong></span> <span class='ocrx_word' id='word_1_333' title='bbox 1253 4615 1285 4666; x_wconf 84' lang='lat' dir='ltr'><strong>ll</strong></span> <span class='ocrx_word' id='word_1_334' title='bbox 1297 4613 1422 4664; x_wconf 83' lang='lat' dir='ltr'><strong>mersisse</strong></span> 
     </span>
     <span class='ocr_line' id='line_1_38' title="bbox 298 4697 515 4749; baseline -0.005 0"><span class='ocrx_word' id='word_1_335' title='bbox 298 4699 330 4749; x_wconf 85' lang='lat'><strong>¹8</strong></span> <span class='ocrx_word' id='word_1_336' title='bbox 343 4697 395 4748; x_wconf 85' lang='lat' dir='ltr'><strong>illia</strong></span> <span class='ocrx_word' id='word_1_337' title='bbox 410 4725 441 4736; x_wconf 88' lang='lat'><em>-</em></span> <span class='ocrx_word' id='word_1_338' title='bbox 458 4698 515 4749; x_wconf 86' lang='lat' dir='ltr'><strong>nisa</strong></span> 
     </span>
    </p>
   </div>
   <div class='ocr_carea' id='block_1_4' title="bbox 0 0 1883 5850">
    <p class='ocr_par' dir='ltr' id='par_1_4' title="bbox 0 0 1883 5850">
     <span class='ocr_line' id='line_1_39' title="bbox 0 0 1883 5850; baseline 0 0"><span class='ocrx_word' id='word_1_339' title='bbox 0 0 1883 5850; x_wconf 95' lang='lat' dir='ltr'><strong> </strong></span> 
     </span>
    </p>
   </div>
  </div>
 </body>
</html>
