3725 5850
984 654 1029 726 51

442 843 538 905 uirum
561 842 625 903 cius
648 839 896 923 Amphitryonem
924 860 966 901 cn
996 858 1052 920 qua
1083 837 1217 901 nascitur
1239 838 1402 917 Hercules,
1426 839 1581 923 Aeginam

440 948 531 1031 Asopi
555 958 685 1010 mutatus
709 946 740 1008 in
763 945 892 1027 aquilam
908 964 949 1007 ex
965 965 1023 1026 qua
1038 943 1173 1007 nascitur
1186 943 1316 1008 Aeacus.
1350 944 1408 1008 Sed
1424 956 1456 1007 et
1471 946 1581 1031 Gany-

440 1055 555 1117 medem
569 1052 700 1116 Dardani
711 1062 842 1114 mutatus
854 1052 886 1115 in
896 1051 1023 1133 aquilam
1040 1051 1230 1114 nihilominus
1246 1062 1371 1134 stuprat.
1401 1053 1578 1116 Mantheam

400 1160 514 1221 15Foci
531 1170 658 1223 mutatus
682 1162 712 1221 in
734 1179 838 1221 ursum
859 1177 900 1219 ex
922 1178 979 1239 qna
1002 1160 1138 1219 nascitur
1158 1155 1277 1219 Arctos.
1315 1157 1438 1220 Danaen
1460 1158 1579 1223 Acrisii

442 1277 571 1329 mutatus
584 1266 615 1330 in
631 1286 734 1328 aarum
752 1286 792 1327 cx
807 1285 864 1346 qua
881 1264 1014 1327 nascitur
1032 1263 1173 1326 Perseus.
1206 1264 1345 1346 Europen
1364 1264 1483 1329 Fenicis
1505 1287 1579 1329 mu-

442 1384 521 1437 tatus
539 1374 567 1434 in
591 1383 708 1435 taurum
734 1391 774 1432 cx
790 1392 848 1452 qua
864 1380 1030 1433 nascuntur
1044 1369 1155 1445 hliuos,
1174 1369 1386 1445 lladamautus‚
1404 1372 1576 1455 Sarpedon.

442 1478 678 1561 Eurymedusam
699 1476 821 1540 Acheloi
846 1486 977 1539 mutatus
996 1476 1026 1538 iu
1043 1476 1195 1538 formicam
1212 1498 1253 1539 ex
1268 1498 1325 1558 qua
1341 1477 1475 1539 nascitur
1488 1478 1576 1561 Myr-

443 1582 554 1646 midon.
594 1582 733 1647 Thaliam
760 1583 924 1646 Aetnaeam
953 1581 1112 1665 nympham
1142 1592 1274 1646 mutatus
1300 1582 1333 1646 in
1360 1583 1509 1645 uulturem
1530 1605 1576 1647 ex

399 1696 501 1770 20qua
516 1701 681 1752 nascuntur
695 1702 765 1774 aput
785 1688 916 1753 Siciliam
939 1688 1043 1751 Palici.
1076 1688 1191 1751 llaliam
1208 1689 1379 1773 Gegeneam
1401 1700 1472 1773 aput
1492 1689 1575 1753 ltno-

443 1796 512 1857 dum
528 1807 658 1860 mutatus
674 1796 705 1858 in
721 1796 858 1859 imbrem.
898 1795 1082 1878 Cassiepiam
1098 1806 1230 1860 mutatus
1252 1796 1282 1858 in
1304 1797 1401 1859 uirum
1425 1796 1490 1858 ains
1514 1796 1576 1859 Pe-

442 1900 539 1965 niccm
549 1924 590 1965 ex
598 1924 654 1985 qua
665 1903 799 1966 nascitur
806 1901 978 1987 Atymnius.
1000 1902 1112 1966 Ledam
1129 1902 1245 1966 Thestii
1259 1911 1389 1965 mutatus
1404 1904 1435 1965 in
1451 1903 1574 1985 cignum

442 2029 483 2072 ex
507 2030 565 2091 qua
588 2008 721 2071 nascitur
743 2009 868 2072 Helena.
920 2009 959 2071 Et
985 2009 1057 2071 item
1084 2010 1208 2071 eandem
1238 2020 1367 2073 mutatus
1395 2009 1425 2071 in
1453 2009 1573 2072 stellam

442 2135 483 2177 ex
503 2136 562 2195 qua
584 2125 747 2177 nascuntur
764 2114 872 2178 Castor
887 2128 917 2178 et
935 2116 1055 2178 Pollux.
1087 2115 1220 2177 Lamiam
1235 2125 1368 2178 mutatus
1384 2115 1415 2177 in
1430 2136 1571 2199 upupam.

399 2228 432 2280 25
441 2218 660 2303 Mnemosynen
675 2230 803 2283 mutatus
818 2221 848 2282 in
866 2231 1014 2304 pastorem
1032 2242 1074 2284 ex
1088 2243 1144 2304 qua
1157 2231 1322 2284 nascuntur
1331 2222 1437 2284 Musae
1449 2242 1572 2284 nouem.

442 2323 585 2389 Nemesin
602 2335 729 2389 rnutatus
745 2326 775 2388 iu
788 2347 938 2391 anserem.
967 2328 1106 2391 Semelen
1120 2327 1270 2391 Cadmiam
1284 2339 1415 2390 mutatus
1428 2328 1574 2410 inignem

443 2451 484 2494 ex
499 2452 556 2513 qua
573 2430 705 2494 nascitur
720 2432 882 2517 Dionysus.
921 2433 970 2496 Ex
985 2434 1043 2497 lilia
1059 2445 1157 2498 autem
1181 2457 1237 2498 sua
1252 2435 1363 2498 Cerere
1379 2434 1484 2517 genuit
1499 2435 1573 2498 Per-

513 2621 748 2687 l2snphitrionem
763 2624 793 2673 P.
814 2622 952 2673 anlitrione'c
966 2622 996 2672 L.
1084 2622 1253 2673 -herculie
1270 2622 1303 2673 L.
1357 2623 1466 2687 liginum
1490 2622 1521 2671 P.
1536 2622 1570 2673 L.

446 2707 475 2757 13
489 2708 602 2772 aquilam
617 2708 799 2759 nichilominus
820 2708 845 2757 in
866 2708 954 2773 aquili
972 2716 1076 2774 stuprat
1089 2710 1153 2770 (om.
1167 2706 1276 2773 mediis)
1290 2708 1323 2758 L.
1403 2736 1433 2745 -
1447 2723 1524 2758 cuens
1537 2708 1571 2758 P.

443 2794 596 2857 ganimeden
610 2795 640 2845 Ρ.
722 2795 836 2859 lljori.
851 2809 905 2843 scr.
920 2792 1065 2853 hlautunru,
1085 2799 1118 2844 ut
1136 2798 1174 2844 sil
1186 2795 1252 2843 baec
1261 2794 1361 2859 forme
1380 2793 1466 2843 latina
1478 2796 1576 2857 graeci

442 2880 560 2929 nominis
574 2878 693 2930 Mantus.
715 2879 745 2930 lb
760 2880 785 2930 iu
802 2878 933 2931 lormicem
947 2879 979 2931 L.
1000 2906 1031 2917 -
1043 2878 1235 2931 Verbahrctos
1248 2906 1281 2916 -
1294 2880 1528 2944 nescitur,omissa
1543 2882 1573 2928 im

442 2964 472 3014 P.
481 2964 526 3024 L.‚
537 2962 955 3016 Coleleriicodicibus'debeatur.
987 2967 1019 3018 ld
1033 2965 1143 3017 foenicis
1156 2966 1188 3016 t.
1222 2965 1253 3017 11
1265 2967 1350 3017 minus
1362 2973 1390 3015 ct
1403 2966 1530 3015 radantus
1539 2964 1570 3016 L.

444 3075 474 3086 -
488 3048 648 3115 Sarpedonq.
663 3048 694 3097 L.
751 3049 783 3099 18
802 3048 956 3100 Eurlmedns
974 3052 1102 3103 ernadelei
1115 3051 1146 3102 P.
1167 3052 1267 3102 achelei
1283 3051 1329 3101 L.:
1362 3051 1399 3116 cs.
1419 3051 1565 3102 Clementia

443 3134 536 3185 homil.
546 3133 580 3198 V,
593 3133 639 3184 ts:
661 3134 768 3184 Acheloi
780 3149 874 3184 nomeu
883 3136 919 3186 ad
929 3135 1096 3186 Thessaliam
1108 3141 1354 3202 quoquepcrliaere
1363 3141 1444 3202 patet
1454 3136 1570 3200 eStepb.

441 3235 474 3286 B.
486 3253 514 3300 p·
524 3234 623 3299 151‚tt
634 3234 668 3284 11.
688 3262 723 3271 -
735 3236 870 3286 mirmidou
884 3237 914 3287 P.
941 3240 1089 3306 myrmcdon
1101 3239 1133 3290 L.
1166 3215 1415 3291 terwanensium
1429 3238 1570 3304 uimplriP.

442 3321 540 3371 thalinu
555 3321 691 3371 aethenam
706 3321 810 3372 nimium
825 3323 855 3374 L.
876 3323 914 3388 ef.
928 3323 1008 3376 Seru.
1023 3327 1061 3375 ad
1072 3324 1155 3392 Verg.
1169 3327 1236 3376 Aca.
1249 3325 1334 3384 VIIII,
1345 3327 1404 3377 581.
1476 3325 1510 3380 io
1524 3339 1571 3374 na-

441 3408 526 3458 scitur
538 3407 568 3457 P.
589 3407 654 3472 npud
668 3407 700 3458 L.
745 3436 777 3445 —
792 3410 890 3475 paliseu
904 3409 936 3460 P.
956 3410 1049 3476 pulisei
1063 3411 1096 3460 L.
1138 3437 1169 3448 -
1181 3408 1426 3474 *lumendaigagnei
1439 3412 1470 3460 Ρ,
1490 3411 1572 3460 lmuu-

443 3494 514 3544 dram
528 3509 634 3558 geneum
643 3493 676 3544 L.
697 3495 720 3544 ld
732 3495 865 3545 Cotelerii
876 3495 953 3547 codd.
968 3496 1147 3547 Sorboneasis
1160 3501 1188 3545 et
1201 3495 1344 3547 Tduaaeus
1353 3497 1486 3561 praebeat
1499 3495 1570 3545 Men-

443 3579 500 3628 dam
515 3579 681 3642 Gcgeneemp
701 3579 802 3646 Regias
815 3586 843 3632 et
861 3581 939 3632 Petri
956 3582 1044 3632 Petili
1056 3581 1186 3632 luendam
1201 3581 1323 3646 Geneam,
1338 3582 1396 3632 cod.
1414 3581 1573 3632 Caudelcrii

445 3666 590 3718 lnmaudam
605 3667 762 3732 Gegenenm.
783 3666 812 3717 la
827 3666 973 3717 Clementis
983 3669 1076 3718 homil.
1093 3668 1126 3731 V,
1145 3669 1176 3719 ld
1197 3669 1296 3718 babes.-
1314 3667 1393 3736 Εἴμᾳ
1406 3666 1440 3736 τῇ
1451 3669 1569 3733 γηγενεῖ,

443 3752 516 3816 quud
533 3767 617 3817 aeque
637 3757 795 3817 corruptum
815 3768 870 3801 esse
889 3757 1015 3818 apparet.
1053 3753 1082 3802 la
1096 3758 1228 3819 promptu
1249 3751 1356 3817 quidem
1374 3758 1436 3803 erat
1453 3753 1570 3802 scribere

440 3835 616 3896 Timandram,
630 3838 677 3887 sed
688 3837 763 3888 nibil
768 3839 831 3886 huic
839 3840 946 3887 nomini
951 3853 1009 3887 cam
1020 3835 1113 3889 ilbodo
1120 3838 1218 3888 insula.
1240 3837 1316 3903 Quod
1325 3841 1409 3902 posui
1419 3838 1479 3901 (cui
1486 3841 1571 3888 etiam

442 3922 577 3973 Heliadem
596 3925 761 3973 substituere
775 3922 846 3984 licei)
865 3927 978 3988 speciem
998 3929 1071 3974 certe
1088 3924 1207 3988 aliquam
1224 3924 1428 3988 probabilitatis
1446 3923 1571 3987 adipisci-

443 4010 587 4059 turcatis
600 4024 669 4073 quae
682 4006 812 4058 Simmiae
824 4006 945 4059 Rhodias
958 4025 1003 4074 ap.
1020 4009 1148 4060 Clemeat.
1164 4009 1245 4058 Alea.
1259 4014 1354 4058 strom.
1376 4008 1409 4072 V,
1420 4025 1448 4074 p.
1464 4009 1514 4060 ott
1527 4009 1568 4060 ed.

440 4095 516 4146 Poll.
532 4099 558 4144 el
571 4095 686 4145 Diodor.
702 4093 736 4156 V,
751 4095 782 4146 55
797 4094 829 4144 de
841 4095 981 4159 Ignatibus
994 4100 1022 4144 et
1036 4093 1205 4145 Telchinibus
1219 4094 1341 4145 traduat.
1379 4097 1446 4160 epud
1458 4096 1522 4145 rodir
1536 4095 1566 4145 L.

440 4182 472 4234 tt
491 4179 605 4249 ymbrium
620 4181 651 4232 L.
666 4180 735 4230 Post
753 4179 783 4230 id
800 4179 872 4243 quod
891 4181 1058 4232 octimbrem
1070 4180 1377 4247 sortasseiaserendum
1390 4185 1446 4230 est:
1466 4196 1499 4230 ex
1520 4194 1568 4246 qna

441 4274 586 4317 nascuntur
599 4265 700 4328 lgnetes
714 4273 739 4316 et
751 4262 901 4315 Telchines.
920 4281 1093 4333 —cessepem
1106 4273 1134 4317 ei
1146 4272 1210 4317 mut.
1223 4267 1256 4317 L.
1274 4293 1309 4302 -
1321 4265 1423 4315 leniceu
1436 4264 1468 4315 P.
1489 4263 1571 4314 loesi·

441 4365 494 4401 cem
503 4351 534 4404 L.
553 4354 587 4404 tt
596 4353 734 4404 *anthirus
743 4350 774 4402 P.
796 4351 961 4404 anchinoeL.
971 4353 1007 4418 cs.
1017 4351 1142 4416 Apollod.
1150 4351 1199 4415 111,
1210 4353 1232 4415 l,
1242 4354 1268 4402 ⁰2.
1284 4379 1317 4388 —
1327 4351 1394 4400 thesi
1403 4351 1433 4401 P.
1444 4349 1569 4400 theseiL.

440 4435 473 4490 23
486 4436 580 4488 lterum
594 4437 626 4488 L.
641 4438 746 4488 -mde
759 4438 789 4488 P.
814 4439 848 4489 21
862 4437 975 4489 Limiam
989 4439 1017 4489 P.
1038 4465 1072 4476 -
1084 4452 1205 4504 oppoparn
1220 4436 1252 4487 L.
1271 4437 1339 4487 Post
1349 4437 1400 4486 boc
1412 4435 1571 4500 u.sort.e'n·

439 4520 599 4572 serendum:
619 4538 650 4572 er
664 4538 713 4588 qua
728 4522 843 4574 nescitur
856 4522 994 4590 llerophile
1004 4524 1115 4592 Sibylla.
1136 4523 1173 4588 cs.
1183 4521 1306 4584 sanati,
1316 4523 1358 4586 12,
1368 4522 1392 4574 1.
1429 4523 1462 4572 15
1476 4520 1572 4572 Ymue·

440 4607 539 4656 moslne
552 4606 583 4656 P.
603 4609 768 4659 mnemosism
780 4608 813 4659 L.
850 4607 1072 4662 redemerint.
1098 4639 1129 4649 -
1144 4624 1238 4659 arsere
1250 4608 1282 4659 P.
1302 4606 1417 4659 Semelei
1430 4608 1460 4658 P.
1481 4607 1571 4658 Seme-

441 4691 491 4743 lem
505 4691 538 4744 L.
563 4719 596 4728 —
610 4693 721 4742 catmlau
735 4694 765 4744 P.
786 4696 897 4745 culmine
910 4695 943 4746 L.
984 4697 1017 4749 2⁷
1031 4697 1147 4748 dionisus
1159 4695 1190 4746 P.
1210 4696 1307 4763 dyosae
1319 4693 1352 4744 L.
1377 4722 1408 4733 —
1422 4701 1485 4746 ente
1497 4695 1529 4744 P.
