3725 5850
811 662 857 733 ld

1406 821 1444 889 [u.
1455 821 1521 874 50-

247 949 462 1013 manilestum
485 960 531 1015 est
546 950 615 1033 quia
637 971 697 1013 non
712 959 783 1015 sunt
806 948 846 1013 dii
861 959 893 1013 at
909 950 1022 1015 nullum
1043 950 1092 1015 dei
1106 972 1181 1037 opus
1195 964 1243 1016 est
1255 954 1287 1017 in
1302 888 1492 1035 ipsis=10⁵⁷']

246 1074 372 1137 regern
387 1056 505 1139 regioni
526 1076 587 1119 non
602 1055 790 1121 suscitabunt
811 1074 908 1138 neque
930 1056 1061 1141 pluuism
1077 1058 1246 1121 bominibus
1264 1058 1395 1137 dabnnt3

213 1221 222 1240 ,
245 1160 410 1223 indicium
433 1181 550 1245 quoque
570 1182 631 1225 non
647 1164 820 1227 discernent
834 1180 932 1244 neque
947 1163 1100 1245 regionem
1115 1161 1284 1228 liberabunt
1298 1164 1336 1228 ab
1350 1164 1397 1229 in·

246 1266 359 1342 iuria,
378 1265 447 1349 quia
463 1266 536 1332 nihil
551 1278 694 1352 possunt;
717 1278 748 1329 et
762 1286 827 1329 oum
840 1265 979 1330 inniderit
991 1268 1025 1331 in
1040 1269 1127 1333 domo
1143 1269 1266 1333 deornm
1281 1268 1398 1351 ligneo·

247 1392 331 1433 rnna
359 1382 389 1435 et
411 1372 614 1437 inauratorum
638 1384 670 1437 et
692 1372 950 1454 inargentatorum
972 1373 1063 1457 ignis,
1085 1376 1258 1441 sarerdotes
1276 1373 1395 1438 illorum

248 1474 486 1555 liberabuntur,
504 1479 561 1563 ipsi
576 1491 676 1542 autem
693 1478 772 1543 siout
787 1475 887 1542 trabes
909 1478 941 1543 in
958 1480 1055 1545 medio
1078 1480 1308 1557 comburentur3
1330 1478 1396 1561 regi
1408 1495 1439 1546 ιι

250 1592 372 1645 autem
393 1594 424 1646 et
445 1585 522 1649 bello
545 1607 605 1649 non
625 1585 781 1650 resistent.
829 1585 984 1664 Quomodo
1010 1585 1245 1651 existimandum
1271 1596 1319 1648 est
1345 1583 1396 1649 u'el

250 1687 473 1771 recipiendum
495 1691 565 1773 quia
587 1702 659 1755 suut
681 1690 742 1755 diii
772 1708 869 1773 neque
895 1711 913 1753 a
934 1690 1050 1756 iuribus
1073 1710 1168 1773 neque
1188 1714 1205 1755 a
1229 1689 1396 1755 latronibus

249 1812 290 1855 se
306 1792 487 1859 liberabunt
507 1795 548 1861 dii
563 1796 656 1880 lignei
672 1807 702 1861 et
716 1798 813 1861 aurati
830 1808 860 1859 et
874 1795 1056 1879 inargentati
1067 1796 1174 1879 quibus
1189 1796 1219 1860 ti
1235 1797 1286 1880 qni
1301 1798 1396 1861 fortes

250 1910 337 1961 sunt
357 1920 464 1964 aurum
487 1914 519 1965 et
540 1914 696 1986 argeutum
719 1922 777 1985 quo
793 1902 1136 1987 operti-suntanierunt
1149 1894 1232 1967 iltis?
1270 1902 1392 1978 Tollite,

251 2003 365 2069 tollite
386 2007 504 2085 seeuri,
527 2008 721 2074 saeratissimi
745 2008 963 2091 imperatores,
996 2017 1174 2072 ornamenta
1194 2006 1435 2091 templorumrnu

252 2109 341 2173 deos
357 2111 433 2175 istos
448 2123 501 2177 aut
515 2124 653 2178 monetae
668 2114 747 2199 iguis
762 2124 814 2178 aut
829 2113 1017 2177 metallorum
1032 2125 1139 2196 mouet
1153 2115 1283 2191 damma,
1299 2114 1393 2177 dona·

252 2215 308 2279 ria
327 2218 471 2283 uniuersa
485 2220 520 2285 ad
542 2220 699 2285 utilitatem
723 2230 854 2285 uestram
876 2218 1102 2303 dominiumque.
1112 2220 1286 2285 transferte.
1326 2219 1396 2283 Post

243 837 399 905 ‘scietur
421 852 526 927 postea
548 845 616 927 qnia
631 843 707 909 lalsa
725 854 796 907 sunt
811 844 951 927 gentibus
966 843 1119 911 uniuersis
1133 856 1165 911 et
1178 846 1313 933 regibus,
1329 847 1398 930 quis

254 2322 389 2387 excidia
411 2325 586 2409 templorum
611 2327 642 2391 in
670 2326 767 2391 maius
790 2328 836 2391 dei
861 2327 936 2391 estis
958 2329 1073 2391 uirtute
1093 2326 1247 2411 prouecti:
1276 2323 1396 2392 oieistia

255 2428 384 2504 hostes,
402 2430 588 2513 propagastis
602 2432 758 2517 imperinm
775 2443 818 2510 et,
841 2443 875 2497 ut
889 2431 1051 2497 uirtutibus
1064 2431 1175 2496 uestris
1188 2430 1284 2513 gloria
1299 2432 1397 2495 maior

254 2535 437 2613 assederat,
462 2548 575 2602 mutato
590 2558 627 2603 an
642 2548 812 2620 contempto
827 2547 996 2621 temporum
1010 2536 1117 2601 ordine
1132 2537 1323 2617 bieme-qnod
1339 2552 1436 2601 neone

255 2640 375 2705 laetam
393 2652 440 2705 est
454 2643 611 2725 aliquando
636 2646 641 2723 Ι
668 2663 724 2707 nee
745 2643 960 2707 liet-tumentes
982 2661 1018 2705 ao
1039 2641 1210 2705 saeuientes
1225 2640 1319 2704 undas
1331 2640 1519 2703 eal-[toleti.

255 2746 361 2811 rastis
384 2746 495 2812 Ooeani
517 2748 572 2813 sub
593 2748 685 2812 remis
708 2748 838 2826 uestris;
860 2746 1003 2829 inoogniti
1024 2745 1085 2809 iarn
1106 2744 1192 2809 nobis
1212 2763 1288 2827 pene
1303 2744 1395 2809 maris

258 2852 348 2915 unda
369 2854 548 2919 contremuit
569 2865 599 2917 et
620 2854 801 2939 insperatam
822 2850 1013 2937 imperatoris
1035 2850 1141 2915 faeiem
1163 2850 1324 2914 Britannus
1340 2870 1396 2915 ex·

257 2957 363 3042 pauit.
396 2959 472 3038 Quid
488 2960 614 3045 amplius
629 2961 747 3027 nultist
769 2958 929 3025 uirtutibus
945 2960 1056 3026 uestris
1070 2958 1148 3023 uiota
1164 2958 1313 3022 elementa
1328 2977 1395 3020 ees-

259 3075 385 3128 serunt.
424 3065 507 3144 Quod
523 3078 622 3131 autem
638 3068 710 3133 deus
725 3066 825 3132 iubeat
837 3066 916 3133 idola
934 3087 994 3131 non
1008 3065 1073 3130 lieri
1090 3074 1301 3130 sacrosanctae
1316 3061 1393 3147 leffl‘s
1420 3073 1436 3122 ι

258 3169 345 3234 suita
361 3171 531 3252 declamata
555 3174 586 3238 iu
608 3176 706 3240 exodo
728 3174 806 3240 eninr
828 3175 872 3240 sie
894 3172 1065 3238 inuenimns
1085 3193 1155 3238 esse
1176 3171 1392 3257 perscriptumr
1417 3193 1452 3260 [e.
1466 3193 1510 3257 2⁰,

256 3267 341 3338 ‘non
358 3277 471 3343 iacietis
489 3279 573 3345 uobis
590 3283 661 3346 deos
682 3293 844 3368 argenteos
862 3300 959 3363 neque
980 3281 1053 3344 deos
1076 3271 1215 3356 aureos’3
1242 3285 1273 3340 et
1288 3293 1394 3338 rursus
1433 3261 1491 3328 ²³4

261 3380 297 3442 in
324 3383 428 3448 eodem
449 3386 524 3450 libro
549 3407 653 3452 uooern
676 3387 722 3451 dei
743 3387 873 3452 iubentis
893 3384 1034 3450 inuenio:
1055 3378 1131 3446 ‘non
1152 3382 1245 3446 lanies
1260 3380 1314 3443 tibi
1329 3379 1395 3442 ido·
1417 3391 1456 3458 [a.
1471 3393 1509 3460 t].

260 3489 327 3551 lum
344 3511 400 3556 neo
415 3495 588 3577 euiuaquam
603 3483 850 3558 similitudinem.³
888 3489 1036 3552 Pudorem
1051 3486 1171 3552 miseris
1186 3485 1291 3550 inlisit
1305 3482 1394 3566 spiri·

258 3593 317 3660 lus
334 3611 469 3677 sanetus,
487 3601 555 3682 quia
571 3599 651 3680 eupit
666 3605 803 3660 errantes
819 3612 978 3671 reuooare,
1002 3614 1061 3657 non
1077 3593 1214 3677 perdere,
1238 3602 1271 3654 et
1283 3588 1327 3654 ait
1342 3602 1438 3673 porto

263 3703 409 3769 Esaiam:
431 3698 667 3768 ‘confundemini
694 3701 897 3766 confusionem
928 3698 978 3782 qni
1006 3698 1097 3763 fiditis
1118 3719 1210 3782 super
1230 3695 1392 3782 sculptilia,
1416 3723 1451 3790 st,
1466 3723 1522 3788 ta*

265 3812 320 3893 qui
335 3809 433 3874 dicitis
448 3807 602 3874 fusilibus:
627 3829 684 3873 uos
706 3808 779 3872 estis
799 3807 840 3872 dii
858 3797 980 3870 nostri.³
1017 3806 1075 3870 llat
1090 3804 1179 3868 etiam
1194 3792 1291 3890 legem
1307 3825 1395 3887 quarn
1434 3791 1490 3858 17·]

265 3925 461 3980 consecratus
484 3915 607 3999 populus
630 3915 737 3978 deuota
762 3913 959 3998 perpetuitate
981 3911 1129 3977 custodiat
1150 3922 1181 3976 et
1196 3911 1239 3974 ita
1254 3910 1392 3974 mandate
1407 3923 1528 3989 [aenaea.
1577 3898 1582 3910 ’

261 4015 430 4086 ‘dominnm
454 4022 541 4086 deum
562 4020 700 4085 adorabis
720 4019 823 4104 stipsi
838 4019 895 4086 soli
909 4009 1056 4095 seruies';
1079 4027 1110 4080 et
1123 4015 1156 4080 in
1168 4013 1394 4080 deuteronomio
1414 3994 1440 4056 ⁶³
1456 3992 1512 4058 η’]

268 4128 378 4194 similia
399 4130 447 4194 dei
470 4129 608 4193 mandata
632 4136 815 4203 noscunturp
838 4124 881 4190 ait
896 4124 992 4188 enimr
1012 4116 1087 4188 ‘non
1101 4131 1192 4188 erunt
1212 4120 1266 4184 tibi
1288 4121 1329 4184 dii
1343 4119 1438 4184 aliitt
1523 4143 1529 4154 ¹

167 4201 177 4223 ἢ
270 4235 382 4319 absque
396 4227 473 4314 me'r
497 4233 579 4298 addit
590 4231 693 4310 etiam,
719 4243 752 4296 ut
766 4231 874 4296 animis
890 4251 994 4294 eorum
1009 4228 1176 4294 maiestatis
1191 4245 1264 4290 suae
1279 4226 1394 4310 pondua
1416 4209 1507 4343 ἑῖῒ

1402 4346 1518 4398 οΜοιιι.

1421 4418 1446 4481 b,
1461 4414 1500 4481 7.]

341 4507 368 4558 ll
384 4505 495 4572 plubiam
573 4504 604 4556 ts
615 4520 669 4556 ror.
683 4504 795 4556 uidetur
807 4501 920 4554 inaurati
996 4501 1159 4554 dllritttnns
1232 4503 1258 4554 ll
1266 4502 1396 4568 sortasse

270 4589 458 4642 eoalandirnini
489 4617 522 4628 -
540 4590 678 4656 eapitslit:
695 4590 818 4656 saniliare
829 4589 912 4640 enam
925 4591 996 4638 erret
1012 4588 1130 4640 renem
1144 4580 1287 4656 sealptilis,
1301 4603 1395 4654 panst-

270 4691 350 4741 quam
363 4676 443 4726 buius
455 4675 587 4727 adierunt
597 4677 752 4744 templum
763 4673 898 4728 desidero.
