3725 5850
347 1624 350 1630 Ι
380 1684 615 1759 GONRADVS
638 1684 830 1794 nvnsltu
854 1684 1073 1755 Mdvnlrlo
1097 1685 1293 1758 ulvrrlo

536 1808 846 1881 PRAECEPTORI
872 1807 1058 1879 OPTVlllO
1087 1808 1126 1879 S.

754 2046 919 2057 ...—...-...

146 2290 157 2303 .
229 2348 232 2351 ·
357 2268 456 2374 Dum
471 2312 581 2375 Romae
602 2310 797 2376 bibliothecae
813 2310 976 2375 Vaticanae
992 2309 1148 2373 thesauros
1172 2308 1204 2371 in
1226 2330 1312 2374 usum
1334 2334 1399 2397 my·

274 2415 504 2499 tbograpborum
515 2416 702 2496 Latinorum,
717 2439 842 2501 quorum
855 2418 1038 2481 edendorum
1048 2416 1107 2479 iam
1122 2416 1228 2479 dudum
1242 2418 1399 2482 consilium

274 2541 430 2605 ceperam,
450 2536 592 2605 quantum
607 2524 717 2588 licebat
733 2523 951 2609 perlustrabam
967 2522 1046 2585 felici
1062 2523 1189 2603 quodam
1205 2544 1297 2597 casu,
1321 2536 1354 2587 ut
1369 2527 1400 2587 lit

182 2608 188 2617 ⁸
273 2625 378 2690 inillis
393 2624 632 2717 βιβλιοτάφοις
647 2631 745 2713 potius
767 2650 854 2711 quam
868 2617 1125 2714 βιβλιοθήκαις,
1148 2626 1180 2689 ἰιι
1196 2649 1300 2692 manus
1316 2651 1400 2692 meas

274 2734 412 2816 peruenit
428 2733 526 2797 codex
540 2734 621 2797 inter
635 2735 788 2798 Palatinos
804 2754 928 2798 numero
945 2731 1007 2796 165
1023 2733 1178 2816 signatus,
1198 2754 1284 2815 quem
1300 2736 1400 2797 statim

273 2839 384 2922 agnoui
405 2839 534 2902 eundem
556 2857 623 2902 esse
640 2859 679 2902 ex
696 2860 754 2923 qno
777 2861 856 2903 anno
875 2836 958 2901 1562
972 2838 1113 2902 Matthias
1130 2839 1247 2902 Flacius
1264 2840 1401 2926 lllyricns

274 2945 339 3008 lulii
362 2945 486 3008 Firmici
508 2946 544 3008 de
567 2965 671 3009 errore
693 2947 884 3030 profanarum
907 2945 1086 3026 religionum
1112 2945 1245 3009 libellum
1267 2947 1403 3012 ediderat

274 3072 419 3136 quemque
435 3072 539 3114 omnes
556 3052 606 3134 qui
623 3052 753 3116 Flacium
770 3053 865 3116 secuti
880 3061 950 3116 sunt
966 3050 1054 3114 buius
1070 3049 1161 3114 libelli
1177 3053 1309 3117 editores
1325 3064 1401 3117 tam·

167 3220 170 3232 ,
275 3179 362 3240 quam
378 3158 561 3240 deperditum
578 3159 730 3222 luxerant.
761 3157 944 3239 Quamquam
959 3157 1039 3220 enim
1055 3159 1150 3221 codex
1166 3181 1183 3222 a
1199 3179 1246 3222 me
1261 3161 1403 3244 religiosa

175 3257 186 3271 ⁰
277 3264 430 3347 diligentia
443 3264 578 3327 conlatus
588 3265 664 3327 baud
674 3285 767 3347 panca
781 3263 904 3347 praebet
917 3263 1037 3327 adtacti
1046 3264 1178 3328 editione
1194 3264 1280 3328 ualde
1290 3267 1402 3331 discre-

277 3371 376 3454 pantia
391 3381 490 3433 tamen
503 3370 659 3454 quominus
676 3369 843 3434 dubitemus
860 3369 929 3452 quin
946 3370 1024 3433 idem
1040 3369 1080 3432 sit
1094 3392 1111 3434 e
1126 3392 1184 3452 quo
1195 3371 1313 3434 Flacius
1324 3371 1402 3435 bunc

146 3475 150 3496 ²
276 3477 397 3540 ibellum
415 3475 446 3539 in
469 3477 565 3541 lucem
582 3477 732 3560 protraxit
751 3477 874 3559 impedit
896 3497 951 3538 nos
971 3471 1169 3540 summa'eius
1192 3499 1258 3541 cum
1273 3477 1403 3542 editione

163 3623 170 3636 «
278 3582 411 3667 principe
431 3583 461 3645 in
484 3583 600 3646 lacunis
622 3593 714 3664 atque
733 3583 765 3645 in
787 3581 984 3665 inscriptione
1001 3582 1049 3645 nel
1072 3583 1170 3667 potius
1185 3583 1403 3667 subscriptione

277 3689 484 3773 congruentia,
503 3710 561 3770 quo
577 3687 692 3751 accedit
707 3698 740 3751 ut
755 3687 842 3752 facile
858 3689 1003 3773 explicari
1019 3689 1126 3776 possit,
1145 3690 1290 3773 quomodo
1306 3691 1404 3755 codex

277 3817 293 3858 e
315 3794 492 3859 bibliotheca
516 3793 684 3871 Mindensi‚
709 3795 740 3858 in
764 3816 821 3878 qua
842 3795 937 3860 Flaoii
960 3807 1094 3882 tempore
1117 3795 1349 3874 asseruabatur,
1372 3798 1404 3860 in

277 3900 444 3965 Palatinam
467 3901 593 3984 indeque
609 3902 732 3964 Romam
753 3902 938 3985 peruenerit.
972 3903 1032 3966 lam
1056 3923 1165 3986 operae
1188 3903 1313 3986 pretium
1336 3924 1405 3967 esse

146 4083 147 4086 Ἴ
277 4007 350 4070 mibi
372 4007 541 4085 uidebatur,
566 4007 645 4072 bunc
666 4006 796 4072 libellum
818 4008 867 4090 qni
891 4010 985 4072 multa
1005 4010 1140 4073 continet
1162 4028 1239 4091 quae
1258 4011 1295 4070 ad
1311 4007 1406 4071 bisto-

175 4156 182 4166 -
279 4115 354 4177 riam
378 4125 512 4178 ueterum
532 4113 712 4198 religionum
739 4114 906 4178 accuratius
930 4097 1165 4199 pernoscendam
1187 4133 1321 4178 summae
1344 4113 1406 4178 sint
1448 4124 1450 4127 ’

279 4219 434 4298 utilitatis,
467 4221 565 4284 denuo
591 4222 628 4284 ad
657 4220 752 4304 ipsum
776 4219 909 4284 codicem
939 4216 1101 4286 iecenserc
1124 4231 1155 4283 et
1177 4229 1319 4302 quantum
1341 4220 1406 4284 lieri
1531 4231 1535 4238 '

160 4371 166 4378 -
280 4336 398 4408 poterat
412 4327 584 4390 emendare.
615 4326 700 4406 Quod
716 4337 850 4409 utquam
867 4325 993 4410 primum
1010 4329 1140 4391 facerem
1156 4348 1222 4389 cum
1239 4346 1258 4388 a
1273 4326 1318 4390 Te
1332 4327 1407 4391 ami·

166 4493 176 4520 ,Δ
279 4431 400 4496 cissime
422 4433 620 4498 commonitus
643 4452 760 4512 essem,
784 4431 851 4494 Tuo
871 4431 939 4494 iure
959 4430 1055 4496 buncc
1076 4432 1207 4495 libellum
1222 4432 1290 4496 Tibi
1310 4433 1407 4498 nindi-
1504 4474 1508 4483 -

178 4529 190 4541 ”
279 4559 349 4602 care
370 4539 482 4604 uideris
509 4559 598 4622 quem
623 4550 655 4602 ut
676 4551 765 4604 tenne
789 4537 995 4603 testimonium
1018 4538 1127 4602 summi
1148 4538 1260 4604 amoris
1283 4561 1341 4622 quo
1362 4539 1408 4602 Te

280 4644 350 4710 inde
365 4645 401 4708 ab
417 4666 454 4710 eo
469 4656 603 4730 tempore
619 4668 676 4729 quc
692 4647 817 4732 primum
832 4643 1038 4709 familiaritate
1053 4644 1117 4709 Tua
1138 4646 1181 4710 nti
1198 4645 1269 4710 mibi
1285 4644 1409 4727 contigit
