3725 5850
816 686 856 755 tt

257 878 378 931 uatum
394 889 454 931 non
470 868 597 952 propriis
614 867 785 942 uirtutibuS‚
809 866 861 928 sed
876 866 1005 929 humano
1027 867 1192 947 praesidi03
1217 866 1254 929 ab
1277 877 1403 948 utroque
1415 871 1446 920 15

257 975 354 1037 enim
370 976 435 1038 loco
452 976 586 1038 homines
601 974 768 1037 liberarunt
782 982 812 1035 et
824 973 1000 1035 translatum
1013 982 1060 1035 εει
1071 993 1108 1033 ne
1121 972 1248 1035 humano
1261 972 1403 1055 flagraret

258 1082 434 1145 incendio:
460 1092 545 1143 tanto
561 1080 675 1143 numini
690 1079 819 1141 humana
833 1079 956 1141 luerunt
969 1076 1119 1160 praesidia
1134 1078 1301 1141 necessaria
1318 1090 1349 1141 ct
1364 1099 1402 1141 nc

256 1187 396 1251 arderet
419 1188 578 1249 humanum
601 1184 749 1267 quaesiuit
770 1182 926 1247 auxilium.
961 1183 1091 1246 Dilatum
1114 1192 1162 1245 est
1183 1183 1344 1245 Palladium
1365 1183 1402 1246 ab

256 1294 414 1357 incendio
430 1314 489 1355 non
506 1292 680 1369 liberatum3
705 1299 763 1353 stat
779 1289 938 1366 sententia,
962 1299 1065 1352 manet
1080 1309 1189 1371 poena,
1212 1289 1290 1371 ignis
1306 1288 1401 1351 immi-

258 1408 339 1475 net,
364 1398 442 1481 iguis
466 1408 574 1480 urguet
590 1416 675 1479 quem
699 1396 794 1459 uitare
817 1417 877 1458 non
900 1398 1020 1479 poterit.
1053 1396 1113 1458 lam
1136 1396 1264 1479 parturit
1285 1396 1445 1458 flammato

257 1502 427 1580 caelestis,
450 1504 507 1565 iam
525 1504 642 1567 diuinae
657 1502 927 1566 animaduersionis
952 1512 1136 1566 monstratur
1158 1504 1320 1577 aduentus,
1343 1502 1403 1564 iam

257 1609 391 1671 futurae
415 1608 508 1673 cladis
531 1608 686 1673 nuntiatur
708 1608 849 1671 exitium:
875 1608 907 1672 in
923 1608 980 1672 hoc
994 1609 1133 1673 incendio
1150 1608 1312 1671 Palladium
1328 1607 1403 1669 late-

257 1713 343 1777 bras
367 1714 504 1777 inuenire
528 1735 587 1777 non
611 1714 738 1798 poterit3
769 1713 849 1795 ignis
876 1715 934 1779 iste
956 1725 1108 1778 scrutatur
1137 1715 1253 1792 abditu,
1285 1714 1403 1797 quaerit
1495 1774 1502 1785 ,

258 1819 418 1883 absconsa
438 1823 443 1903 1
464 1832 494 1883 ει
517 1819 649 1902 quicquit
671 1831 808 1883 errantes
825 1819 960 1883 homines
974 1820 1062 1884 uanis
1079 1821 1321 1902 persuasionibus
1335 1834 1525 1903 per-Folle.

259 1925 346 1988 didit
368 1925 471 2007 rapida
494 1926 676 1988 flammarum
705 1924 895 2007 populatione
919 1926 1135 2009 complectitur.
1170 1920 1276 1990 ‘Venit
1295 1919 1528 2002 euim',[ttotaot.

260 2024 471 2113 inquit,‘dics
488 2029 599 2093 domini
614 2040 646 2094 ut
662 2031 770 2094 ardeus
786 2025 942 2095 clibanus’.
968 2032 1084 2096 Audisti
1100 2032 1169 2115 quid
1187 2032 1306 2094 ueniat:
1325 2031 1400 2094 nihil
1427 2006 1453 2070 4’
1469 2004 1503 2067 ι’]

262 2147 317 2201 εει
336 2137 415 2218 quod
433 2156 471 2198 ex
488 2146 518 2197 te
534 2136 691 2199 collectum
707 2138 737 2199 in
753 2137 907 2221 apothecis
924 2138 1077 2201 dominicis
1094 2138 1200 2220 reponi
1215 2139 1326 2222 possit3
1352 2159 1400 2201 ar-

263 2242 357 2306 debis
374 2254 406 2305 ut
420 2242 529 2326 stipula
546 2242 628 2307 cuius
644 2244 743 2306 inanis
758 2243 858 2307 uilitas
873 2243 905 2307 in
921 2244 1038 2307 eineres
1054 2244 1230 2334 fauillasque
1246 2255 1397 2320 seruatur,
1428 2265 1443 2312 5
1472 2226 1477 2246 ¹

264 2370 360 2431 quam
378 2370 472 2431 rapax
486 2348 563 2433 ignis
574 2348 718 2413 uiolentia
729 2351 862 2433 cogentis
875 2350 999 2434 spiritus
1010 2351 1155 2433 pascitur.
1174 2350 1230 2413 Hic
1243 2360 1290 2413 est
1301 2351 1401 2414 exitus

264 2454 398 2537 finisque
421 2465 533 2531 uester,
559 2456 632 2519 haee
647 2466 692 2519 est
708 2476 804 2540 poena
819 2478 905 2539 quam
922 2478 976 2539 pro
992 2458 1125 2540 deceptis
1142 2456 1311 2537 hominibus
1327 2458 1401 2519 deus

264 2560 396 2624 statuit:
428 2571 461 2622 ut
491 2562 642 2643 perpetuis
673 2564 778 2625 ardeat
800 2563 925 2625 flammis
949 2562 999 2644 qui
1020 2573 1125 2625 contra
1146 2563 1330 2625 uoluntatem
1353 2560 1401 2623 dei

265 2666 414 2729 miserum
440 2666 588 2728 hominem
610 2676 663 2727 aut
684 2668 799 2750 decepit
818 2678 870 2730 aut
890 2666 1030 2750 perdidit.
1062 2666 1138 2729 Volo
1154 2688 1226 2729 sane
1242 2666 1402 2749 diligenter

263 2771 425 2853 inquirere
447 2770 532 2833 cuius
554 2770 710 2834 Mineruae
733 2772 789 2835 hoc
812 2774 916 2835 uolunt
938 2790 1006 2834 esse
1029 2771 1165 2852 signum:
1198 2770 1299 2854 plures
1321 2770 1399 2833 enim
1412 2792 1443 2841 10

264 2876 426 2942 Mineruas
442 2876 533 2940 luisse
549 2886 667 2939 constat
681 2897 736 2940 nec
753 2876 860 2961 aliquis
875 2878 907 2942 in
929 2878 986 2941 ista
1008 2887 1094 2961 parte
1109 2877 1258 2941 dissentit.
1292 2876 1400 2959 Singu-

266 2984 336 3045 lare
351 2981 454 3064 itaque
469 3001 577 3066 genus,
594 2981 775 3062 institutum,
793 2996 888 3048 artem
905 2984 1148 3069 propositumque
1164 2985 1295 3048 dicamus
1310 2995 1344 3047 ut
1359 3003 1400 3046 ex

267 3089 317 3152 his
341 3088 476 3152 omnihus
498 3089 628 3152 inueniri
650 3090 744 3172 possit
759 3089 922 3154 Palladium
946 3091 1029 3155 cuius
1043 3091 1200 3155 Mineruae
1220 3092 1259 3154 sit
1279 3091 1398 3154 nomine

266 3205 487 3258 consecratum.
521 3195 657 3277 Quinque
673 3196 826 3259 Mineruas
841 3196 936 3260 luisse
951 3197 1122 3280 legentibus
1137 3197 1224 3261 nobis
1240 3197 1329 3260 tradit
1345 3218 1398 3260 an·
1408 3207 1443 3273 [c.
1457 3208 1511 3273 tu]

268 3301 413 3383 tiquitas:
443 3322 500 3363 una
523 3311 570 3364 εει
589 3301 715 3364 Vulcani
735 3302 795 3365 lilia
817 3322 892 3384 quae
913 3301 1049 3368 Athenas
1073 3303 1217 3377 condidit,
1246 3323 1333 3385 quam
1357 3319 1440 3368 ex15
1555 3314 1557 3317 '

268 3405 438 3488 agrestibus
459 3407 534 3471 locis
556 3409 593 3470 ad
616 3407 747 3472 urbanae
768 3407 1009 3471 conuersationis
1032 3411 1166 3472 ordinem
1182 3407 1297 3471 rustica
1313 3409 1398 3470 turba

268 3511 412 3574 comitata
429 3523 486 3574 est.
519 3513 587 3574 Fuit
603 3513 663 3575 alia
677 3512 709 3575 in
724 3504 860 3596 Aegypto
874 3513 935 3578 Nili
951 3519 1032 3598 regis
1048 3515 1122 3590 filia,
1148 3515 1300 3578 textrinae
1323 3515 1397 3576 artis

270 3616 434 3700 magistra3
460 3618 549 3680 tertia
565 3637 638 3680 uero
653 3627 738 3700 patre
753 3617 881 3681 Saturno
903 3619 1006 3702 genita
1021 3630 1086 3684 est:
1113 3622 1166 3684 sed
1189 3621 1265 3682 hanc
1287 3620 1398 3703 uiragi-

269 3743 341 3786 nem
362 3723 455 3786 luisse
477 3733 721 3800 commemorant,
746 3743 813 3785 nam
836 3744 995 3809 numquam
1016 3749 1049 3791 sc
1069 3727 1151 3790 iutra
1168 3726 1287 3789 feminei
1304 3747 1397 3790 sexus

271 3825 481 3892 uerecundiam
504 3827 610 3904 tenuit,
636 3829 689 3890 sed
710 3849 791 3891 arma
812 3849 930 3914 semper
950 3833 1163 3916 strepitumque
1185 3854 1351 3916 pugnarum
1367 3844 1397 3896 et
1406 3851 1440 3900 20

268 3945 396 3996 cruenta
412 3941 513 3997 secuta
530 3943 576 3996 cst
590 3933 687 3997 studia
704 3932 861 3998 bellorum.
895 3936 1008 4015 Quarta
1024 3939 1104 4002 louis
1119 3939 1229 4002 Cretici
1244 3941 1325 4024 regis
1341 3940 1396 4001 luit

269 4039 330 4102 lilia
347 4059 422 4120 quae
437 4039 568 4102 occisum
584 4041 661 4123 patri
677 4040 784 4104 detulit
798 4040 949 4105 Liberum.
971 4042 978 4130 Ι
997 4043 1107 4122 Quinta
1121 4046 1254 4108 Pallante
1270 4057 1353 4129 patre
1366 4053 1520 4108 ettotttb.

158 4221 168 4238 4
270 4144 409 4209 Titanida
425 4155 521 4208 matre
537 4156 603 4209 orta
619 4156 666 4208 est
681 4165 756 4228 quae
771 4148 865 4229 patris
881 4150 1027 4232 appellata
1043 4151 1162 4214 nomine
1178 4150 1275 4215 Pallas
1291 4161 1338 4215 est
1358 4152 1395 4214 ab

270 4251 438 4315 hominibus
453 4261 633 4334 nuncupata.
656 4250 735 4314 llaec
750 4252 938 4335 parricidalis
954 4257 1084 4320 amentia
1099 4257 1211 4320 luroris
1224 4266 1255 4320 ει
1266 4277 1396 4322 uesanae

270 4356 447 4420 temeritatis
463 4355 607 4420 instinctu
622 4368 736 4440 patrem
752 4359 915 4423 Pallantem
931 4362 1045 4425 crudeli
1060 4374 1156 4426 morte
1171 4363 1318 4446 iugulauit
1340 4384 1395 4427 neo

270 4462 394 4547 simplici
411 4463 502 4547 patris
518 4474 613 4526 nrortc
629 4473 768 4529 contentu
785 4477 817 4529 ut
832 4466 943 4530 diutius
959 4467 1045 4532 malis
1059 4470 1122 4532 suis
1138 4472 1288 4534 lrueretur
1310 4482 1341 4534 et
1364 4482 1395 4534 ut
1421 4501 1437 4548 5

339 4632 518 4686 lt*liberaut
626 4637 744 4689 ttunto
854 4638 1395 4709 delicatus-Audistiquidueniattis

270 4720 383 4786 scripta.
455 4719 714 4788 tique-*cogenti
