3725 5850
1001 618 1042 683 10

342 806 397 858 tot.
409 800 635 883 relegatorum
651 820 687 861 ac
702 797 857 861 libidinum
873 798 949 861 socii
959 836 996 845 -
1005 818 1058 881 per
1073 815 1177 859 omnes
1193 816 1263 859 oras
1278 796 1371 860 uicini
1385 799 1477 861 maris
1495 797 1499 880 l
1518 822 1585 861 cum
1693 812 1695 832 ¹

455 928 570 971 summa
586 904 782 987 trepidatione
798 904 1016 988 desperationis
1032 902 1158 967 errauit.
1183 900 1245 965 lllic
1259 903 1340 965 inter
1353 903 1453 967 ebrias
1469 906 1585 988 puellas

456 1024 486 1075 et
502 1012 671 1075 oiooleutos
687 1032 788 1087 senes,
814 1032 879 1073 cum
896 1010 991 1073 adbuc
1008 1031 1074 1073 erum
1089 1009 1235 1073 scelerum
1253 1030 1359 1093 pompa
1374 1013 1582 1094 praecederet,

455 1119 533 1182 alter
548 1118 633 1201 nigro
648 1118 759 1180 amictu
776 1126 864 1192 teter,
875 1116 1082 1179 alterostenso
1098 1136 1196 1197 angue
1212 1114 1369 1193 terribilis,
1381 1116 1460 1181 alter
1475 1138 1585 1181 cruen-
1693 1187 1695 1204 Ι

414 1233 429 1282 5
457 1236 578 1299 lusere,
597 1226 664 1287 dum
682 1223 749 1285 uiua
767 1222 886 1304 pecudis
902 1221 1036 1283 membra
1052 1221 1204 1305 discerpit,
1221 1222 1584 1307 aLycorgoconpreben-

456 1353 507 1395 sus
525 1352 578 1414 per
593 1329 760 1412 proximam
777 1346 877 1409 rupem
895 1348 971 1409 quae
985 1326 1153 1391 inmensum
1170 1327 1375 1412 praecipitium
1391 1329 1477 1393 saxis
1492 1330 1584 1393 inuiis

456 1437 568 1500 fecerat
582 1435 613 1498 in
630 1452 712 1495 mare
727 1431 951 1517 praecipitatur,
966 1444 999 1496 ut
1015 1433 1144 1496 lacerum
1161 1454 1268 1517 corpus
1283 1433 1410 1497 marinis
1426 1435 1475 1499 diu
1490 1436 1585 1498 iacta·
1693 1473 1695 1482 =

457 1554 516 1605 turn
533 1540 671 1603 fluctibus
686 1537 850 1602 errantium
867 1539 1041 1622 populorum
1058 1540 1173 1604 animos
1189 1542 1225 1603 ad
1242 1540 1380 1604 sanitatis
1390 1562 1425 1604 ac
1438 1540 1587 1603 sobriete·
1693 1555 1695 1564 ·

456 1649 495 1710 tis
517 1647 649 1709 ordinem
672 1664 780 1707 seuera
798 1645 1057 1709 animaduersione
1072 1658 1243 1711 reuocaret.
1276 1648 1362 1711 llouc
1378 1648 1464 1709 linem
1480 1647 1588 1711 Liberi
1693 1631 1695 1676 ³

417 1753 625 1831 widomarus,
655 1765 688 1816 ut
710 1754 810 1835 lugam
833 1761 863 1814 et
883 1753 1108 1836 trepidationem
1132 1755 1285 1837 detegeret
1306 1764 1338 1815 et
1360 1764 1392 1817 ut
1412 1754 1588 1816 ostenderet

459 1871 598 1937 mortem,
616 1860 674 1923 ait:

376 1962 448 2013 ttiit.
626 2002 1009 2013 -----
1052 1960 1226 2041 Διώνυσος
1240 1961 1278 2029 dd
1293 1960 1461 2053 φοβηθεὶς

359 2032 449 2084 Μ’
503 2063 618 2136 δύσεθ’
635 2064 716 2145 ἁλὸς
730 2065 815 2134 κατὰ
830 2073 935 2152 κῦμα·
953 2068 1052 2145 Θέτις
1066 2063 1101 2133 δ’
1117 2065 1302 2150 ὑπεδέξατο
1317 2066 1435 2156 κόλπῳ

504 2171 670 2240 δειδιότα·
686 2171 844 2262 κρατερὸς
859 2171 919 2262 γὰρ
937 2170 990 2257 biga
1004 2170 1127 2262 τρόμος
1142 2168 1262 2262 ἀνδρὸς
1277 2170 1413 2263 ὁμοκλῇ.

418 2292 450 2342 15
546 2281 682 2345 Imitatur
703 2292 745 2359 te,
769 2282 920 2367 Lycurge,
946 2293 977 2345 et
999 2282 1131 2345 sobrium
1155 2293 1237 2345 tuum
1260 2283 1426 2347 institutum
1451 2282 1588 2364 sequitur

366 2383 368 2387 ’
460 2409 516 2451 nec
531 2410 549 2451 a
564 2386 745 2451 salutaribus
760 2390 818 2451 tuis
834 2389 951 2473 legibus
967 2387 1119 2451 exorbitat
1134 2388 1221 2451 etiam
1238 2390 1341 2452 consul
1361 2399 1466 2451 noster
1480 2390 1588 2451 Postu·
1693 2399 1695 2426 ³

460 2496 549 2560 mins.
580 2495 669 2572 Nam,
688 2494 765 2559 sicut
779 2495 810 2557 in
826 2494 910 2559 libris
933 2494 1090 2557 annalibus
1111 2495 1294 2571 inuenimus,
1318 2492 1588 2557 Bacchanaliorum
1693 2491 1695 2505 '

459 2604 573 2667 scelera
587 2600 714 2665 Aebutio
731 2601 855 2684 quodam
871 2601 1063 2666 adulescente
1079 2602 1231 2665 deferente
1247 2602 1364 2665 detecta
1378 2610 1459 2662 sunt.
1488 2600 1591 2663 Erant
1617 2625 1628 2639 ·
1693 2601 1694 2612 ¹

460 2710 556 2773 adbuc
572 2710 603 2772 in
619 2709 791 2771 urbeRoma
806 2707 916 2793 integri
933 2730 1033 2775 mores
1049 2730 1105 2773 nec
1122 2709 1275 2792 quisquam
1290 2707 1465 2790 peregrinas
1481 2726 1589 2789 super·
1693 2789 1695 2805 ἰ

418 2816 599 2878 tostitiones
616 2815 771 2877 dissolutis
786 2815 919 2877 moribus
941 2816 1111 2898 appetebat.
1142 2816 1227 2877 Tunc
1250 2833 1305 2875 uec
1326 2823 1448 2875 senatus
1472 2813 1589 2875 consuli

461 2922 614 3004 necleges
631 2917 825 3001 reipublicae
847 2940 901 2981 nec
922 2921 1025 2983 consul
1049 2919 1164 3002 legibus
1186 2918 1297 2994 deluit,
1321 2920 1374 2982 sed
1397 2907 1589 3002 inuestigatis
1693 2981 1695 2989 ,

461 3025 597 3090 omnibus
621 3024 670 3105 qui
698 3023 784 3086 buius
816 3024 894 3086 sacri
924 3025 1070 3087 scelerata
1099 3032 1267 3086 commenta
1297 3025 1455 3088 tradebant
1484 3036 1589 3087 contra
1693 3037 1695 3109 J

461 3151 564 3195 omnes
580 3150 700 3200 seuero,
718 3128 808 3191 immo
824 3129 958 3192 Romano
974 3129 1158 3212 quaestionis
1179 3128 1320 3192 examine
1335 3131 1470 3212 capitalis
1492 3152 1589 3214 poena

461 3240 496 3301 de
512 3235 629 3301 consilii
645 3233 795 3299 sententia
811 3236 928 3299 decreta
946 3248 1004 3313 est,
1030 3246 1160 3300 nectam
1177 3236 1227 3299 diu
1248 3235 1380 3298 uindices
1403 3237 1494 3319 gladii
1516 3258 1588 3299 con-

421 3354 453 3403 25
463 3343 536 3408 sulis
552 3342 750 3426 conquierunt
762 3363 848 3424 quam
861 3341 910 3404 diu
921 3342 977 3404 boc
994 3342 1101 3405 malum
1117 3343 1224 3406 luisset
1233 3342 1377 3404 radicitus
1389 3355 1584 3426 amputatum.

464 3450 487 3513 0
503 3449 725 3533 dignallomaui
742 3448 869 3512 nominis
885 3447 1121 3513 animaduersio!
1140 3472 1158 3512 o
1175 3449 1291 3534 priscae
1307 3449 1425 3512 uirtutis
1441 3448 1589 3512 laudanda

464 3555 647 3620 constantia!
672 3575 728 3618 nec
744 3555 859 3619 ciuibus
876 3555 940 3619 suis
956 3555 1060 3619 consul
1075 3576 1197 3639 parcere
1214 3555 1308 3620 uoluit
1322 3577 1389 3618 oum
1404 3555 1441 3618 ob
1458 3575 1587 3638 purgan-

348 3671 404 3722 Fot.
415 3670 452 3722 7¹2.
463 3663 528 3726 darn
545 3659 666 3744 patriam
683 3661 856 3754 peregrina}
874 3661 948 3725 uitia
963 3661 1168 3744 corriguntur.

363 3765 398 3830 [e.
413 3765 451 3831 ⁷·]
549 3765 691 3848 Sequitur
714 3768 789 3828 banc
811 3765 890 3830 sacri
906 3767 1115 3850 contagionem
1132 3779 1161 3832 et
1175 3769 1308 3832 imitatur
1324 3765 1457 3830 ordinem
1473 3765 1587 3828 funeris

462 3896 479 3936 a
496 3873 608 3936 Cerere
624 3871 777 3934 llenneusi
793 3873 917 3934 muliere
941 3894 1022 3935 mors
1046 3872 1124 3936 liliae
1146 3883 1332 3937 consecrata.
1364 3871 1440 3934 Nam
1456 3870 1589 3953 quicquit

462 3981 493 4042 in
510 3979 599 4042 Creta
623 3987 707 4062 pater
728 3976 808 4039 circa
828 3977 919 4040 filiurn
942 3979 1057 4042 lecerat
1079 3981 1245 4043 beatotum
1262 3979 1354 4043 Ceres
1369 3977 1587 4061 apotllennam

422 4108 437 4156 5
463 4087 574 4151 amissa
596 4084 655 4148 lilia
676 4082 860 4166 impatientia
882 4085 1011 4149 materni
1033 4085 1144 4148 doloris
1167 4085 1314 4148 instituit:
1339 4085 1418 4167 quod
1440 4093 1589 4166 quatenus

464 4193 570 4254 laetum
588 4189 628 4254 sit
642 4189 726 4253 breui
741 4209 880 4253 sermone
896 4190 1106 4274 perstringam.
1123 4190 1247 4256 Vnicum
1261 4190 1381 4254 Cereris
1396 4190 1488 4254 liliam
1502 4211 1590 4272 quam

533 4378 631 4443 2disp.
736 4377 1181 4443 3oioooettos—praecederetet
1291 4377 1426 4444 bpecodis
1535 4375 1591 4428 lat

466 4463 690 4515 ttcOBHett'
799 4461 1212 4517 ttAYCGN-Jromnou
1333 4463 1590 4514 llAIAIOTA—

469 4544 578 4602 ΕΧΕΝ
696 4548 727 4600 ll
741 4549 818 4600 boob.
950 4549 983 4600 18
995 4547 1066 4598 butio
1205 4548 1239 4601 2³
1251 4547 1381 4600 *seueros
1396 4576 1428 4586 -
1441 4546 1591 4599 *Romanos
1693 4542 1694 4545 ’

465 4634 499 4685 tt
512 4631 629 4683 *nomint
765 4636 780 4684 5
794 4650 843 4700 quo
