3725 5850
1042 676 1076 726 Vl

495 846 664 914 distinctius
679 844 898 929 significantur.
928 846 978 909 Ex
993 846 1086 910 uariis
1102 845 1180 908 enim
1197 844 1333 928 proeliis,
1351 844 1457 928 quibus
1473 847 1624 911 Constan-

496 956 555 1019 tius
577 974 644 1016 cum
667 953 781 1035 Sapore
801 952 963 1016 Persarum
991 971 1065 1037 rege
1086 952 1274 1016 condictatus
1304 962 1369 1030 est,
1399 953 1437 1015 de
1458 973 1518 1015 uuo
1541 954 1621 1031 solo,

495 1061 596 1145 quod
587 1082 619 1124 ru
635 1058 889 1143 agroEleieusi
864 1078 930 1123 srue
943 1058 1088 1123 Hileieusi
1097 1078 1189 1143 prope
1197 1058 1355 1143 Singaram
1370 1077 1449 1121 anno
1462 1056 1525 1121 348
1539 1081 1624 1122 eom·

495 1169 619 1232 missum
649 1178 714 1244 est,
744 1166 843 1250 paullo
865 1165 1034 1228 accuratius
1064 1166 1201 1229 referunt
1225 1164 1337 1229 Sextus
1357 1166 1451 1229 Rufus
1472 1165 1620 1245 (breuior.

494 1298 522 1338 e.
540 1273 597 1346 27)
619 1273 747 1354 aliique,
773 1291 813 1333 ex
834 1291 960 1353 quorum
982 1271 1178 1335 relationibus
1200 1271 1257 1334 hoc
1278 1272 1352 1335 satis
1373 1272 1454 1334 clare
1476 1272 1622 1354 adparere

494 1381 625 1454 uidetur,
651 1375 743 1440 uerba
763 1376 815 1439 illa
831 1397 906 1459 quae
926 1376 1128 1441 excitauimus
1143 1397 1182 1440 ne
1197 1398 1215 1439 a
1230 1376 1370 1461 theologo
1386 1378 1504 1461 quidem
1519 1399 1622 1459 quam-

494 1486 542 1549 uis
558 1482 688 1567 superbo
704 1492 735 1543 et
751 1481 939 1565 magniloquo
955 1495 1023 1567 post
1044 1484 1122 1547 huuc
1136 1506 1248 1548 aunum
1267 1484 1358 1547 scribi
1375 1485 1519 1567 potuisse.
1548 1483 1622 1546 Veri

494 1602 594 1655 autem
605 1589 788 1653 simillimum
802 1589 873 1652 mihi
886 1590 1019 1668 uidetur,
1035 1590 1134 1653 illam
1125 1591 1297 1655 iactantiam
1310 1610 1346 1653 eo
1356 1610 1423 1653 esse
1432 1590 1620 1653 referendam

497 1698 575 1781 quod
591 1697 720 1780 Sapores
735 1716 814 1759 auno
830 1694 893 1757 346
908 1717 962 1779 per
977 1706 1038 1760 tres
1054 1718 1172 1762 menses
1187 1696 1305 1760 Nisibin
1320 1695 1554 1780 Mesopotamiae
1571 1718 1622 1759 ur-

493 1805 560 1869 bem
585 1806 696 1868 lrustra
716 1803 832 1866 obsedit
855 1802 1046 1888 (Hieronym.
1071 1804 1108 1866 ad
1129 1804 1240 1867 Euseb.
1265 1802 1312 1865 01.
1330 1800 1389 1865 281
1404 1801 1483 1884 ,,3)
1509 1804 1620 1884 quain

494 1910 650 1975 obsidione
671 1920 748 1973 teste
775 1909 868 1973 Sexto
889 1910 965 1973 llulo
994 1910 1140 1991 (breuiar.
1168 1931 1195 1973 c.
1220 1902 1314 1991 27)
1319 1908 1433 1971 maiore
1455 1910 1503 1973 sni
1527 1909 1621 1971 detri-

495 2030 597 2081 mento
614 2018 682 2079 dum
699 2014 850 2078 obsideret
864 2014 959 2079 hostis
975 2017 1109 2081 adlectus
1125 2008 1198 2095 est,
1221 2018 1262 2080 itu
1278 2027 1311 2078 ut
1326 2015 1473 2078 Firminus
1489 2014 1622 2077 libellum

493 2145 578 2188 suum
602 2121 758 2204 scripsisse
781 2122 929 2204 putandus
951 2122 991 2185 sit
1011 2124 1065 2187 sub
1087 2124 1175 2187 linem
1199 2124 1269 2190 anni
1293 2119 1355 2185 346
1377 2122 1426 2184 uel
1448 2142 1527 2184 auno
1543 2120 1619 2182 347.

495 2226 604 2292 Haud
596 2237 696 2309 inepte
712 2227 800 2291 etiam
816 2228 983 2291 conieceris
999 2229 1036 2293 iis
1053 2251 1130 2312 qnae
1145 2231 1198 2292 lol.
1216 2225 1270 2306 31,
1290 2225 1330 2290 lb
1353 2228 1391 2291 de
1411 2227 1543 2291 assiduis
1559 2236 1622 2287 ter-

493 2353 546 2398 rae
559 2333 686 2397 motibus
697 2334 836 2396 dicuntur
850 2334 958 2417 respici
974 2335 1252 2398 uehementissimos
1267 2344 1368 2396 terrae
1385 2342 1496 2409 motus,
1514 2332 1621 2414 quibus

493 2462 572 2505 anno
589 2438 651 2505 345
666 2440 901 2526 Dyrrhachium,
925 2442 1049 2506 Roma
1041 2462 1105 2525 rpsn
1127 2453 1158 2502 et
1175 2441 1319 2525 plurimae
1336 2436 1515 2520 Campaniae
1530 2436 1621 2501 urbes

493 2557 624 2610 uexatae
640 2546 917 2630 suut(H1eronym
936 2545 1099 2609 adEuseb
1118 2545 1165 2609 οι.
1183 2543 1258 2623 281,
1278 2544 1324 2630 ι).

579 2654 603 2717 E
620 2654 723 2717 Sicilia
738 2654 896 2716 oriundum
918 2652 1009 2716 luisse
1024 2663 1077 2715 aut
1091 2664 1172 2715 certe
1187 2673 1325 2735 magnam
1340 2650 1448 2713 aetatis
1463 2668 1536 2715 suae
1551 2671 1622 2733 par-

494 2771 553 2823 tem
577 2760 617 2822 ibi
639 2759 758 2843 degisse
774 2761 935 2824 Firmicum
952 2760 1091 2823 conicere
1106 2779 1195 2843 posse
1219 2758 1291 2821 mibi
1312 2756 1419 2821 uideor
1442 2776 1482 2819 ex
1507 2756 1622 2820 descri-

492 2865 592 2950 ptione
602 2864 760 2929 uerissima
770 2876 799 2928 et
809 2867 993 2930 uiuidissima
1005 2866 1129 2929 Peroi'
1105 2887 1170 2930 sive
1182 2866 1271 2945 Pergi
1283 2866 1366 2929 lacus
1380 2883 1472 2948 prope
1484 2862 1620 2926 Hennam

493 2970 596 3032 urbem
612 2971 715 3050 (bodie
728 2970 834 3034 Castro
848 2971 1011 3054 Giovanni)
1026 2971 1076 3034 siti
1089 2991 1175 3053 quam
1188 2971 1311 3033 exbibet
1325 2971 1377 3033 lol.
1387 2969 1440 3046 7,
1417 2967 1429 3004 ”
1455 2970 1477 3031 l.
1489 2968 1617 3052 l3sqq.‚

491 3076 669 3159 praesertim
693 3097 758 3140 cum
779 3097 923 3158 nusquam
947 3075 1048 3139 alibi
1039 3098 1071 3138 1n
1094 3076 1237 3158 opusculo
1259 3096 1314 3137 suo
1335 3076 1469 3137 locorum
1492 3085 1620 3138 naturae

492 3181 705 3245 describendae
721 3204 840 3266 operam
858 3185 919 3246 det.
949 3182 1060 3262 Quodsi
1083 3203 1188 3245 uerum
1211 3192 1260 3244 est
1280 3181 1357 3243 baud
1374 3181 1459 3264 parui
1476 3183 1619 3245 momenti

493 3307 561 3351 esse
583 3289 678 3351 uideri
701 3289 797 3372 possit
818 3291 854 3353 ad
870 3310 972 3354 eorum
989 3288 1168 3353 seutentiam
1184 3288 1400 3367 adiuuandam,
1426 3310 1476 3370 qur
1468 3288 1618 3350 eundem

492 3394 649 3458 Firmicum
667 3395 754 3458 etiam
772 3397 942 3460 matheseos
958 3395 1103 3458 librorum
1118 3394 1186 3458 Vlll
1202 3395 1238 3456 ad
1253 3394 1436 3459 Mauortium
1451 3394 1617 3458 Lollianum

492 3500 728 3585 conscriptorum
743 3512 896 3566 auctorem
913 3501 1197 3578 esseoontendunt,
1223 3522 1310 3583 quam
1331 3500 1509 3565 sententiam
1525 3501 1618 3584 inpri·
1723 3519 1724 3522 ’

491 3605 548 3668 mis
571 3605 702 3668 defendit
722 3606 874 3691 Philippus
889 3608 1045 3672 labbaeus
1069 3607 1297 3692 (chronologiae
1319 3607 1475 3671 technieae
1496 3606 1617 3690 partisl
1719 3605 1724 3637 ⁴

492 3730 522 3792 p.
540 3707 613 3794 80),
640 3711 735 3773 secuti
759 3723 829 3775 sunt
851 3715 987 3796 plurimi,
1014 3725 1047 3777 ut
1068 3714 1112 3777 lo.
1128 3713 1197 3777 Alb.
1215 3715 1369 3779 Fabricius
1394 3712 1543 3795 (biblioth.
1561 3713 1615 3775 lat.

492 3825 565 3877 tom.
583 3814 635 3892 lll,
653 3836 682 3898 p.
702 3815 764 3877 114
779 3837 844 3898 sqq.
864 3817 911 3880 ed.
929 3819 1078 3899 Ernesti),
1105 3820 1214 3884 Guliel.
1233 3821 1314 3885 Cave
1334 3820 1490 3903 (scriptor.
1508 3819 1615 3882 eccles.

492 3921 598 3986 histor.
617 3920 674 3984 litt.
692 3922 754 3984 uol.
773 3921 797 3998 l,
815 3943 843 4004 p.
861 3920 952 4003 205),
976 3923 1154 3988 Weidlerus
1177 3925 1299 4004 (histor.
1317 3938 1481 3990 astronom.
1500 3946 1529 4008 p.
1541 3920 1618 4005 188)

492 4039 522 4090 et
543 4026 706 4091 nouissime
728 4026 803 4090 God.
822 4027 997 4113 Bernhardy
1020 4027 1142 4105 (histor.
1160 4029 1219 4092 litt.
1237 4032 1323 4094 Rom.
1341 4054 1370 4115 p.
1388 4029 1453 4094 690
1468 4030 1515 4091 ed.
1533 4030 1615 4111 alt),
1723 4111 1724 4114 Ἴ

490 4135 540 4217 qui
555 4133 671 4216 quidem
688 4153 792 4197 omnes
807 4144 952 4211 statuunt,
978 4134 1139 4198 Firmioum
1155 4133 1256 4217 priore
1270 4136 1377 4198 aetads
1392 4154 1467 4198 suae
1482 4143 1617 4218 tempore

490 4237 617 4302 ethnicis
629 4239 890 4324 superstitionibus
904 4239 1052 4303 addictum
1068 4251 1137 4304 ante
1148 4261 1257 4302 aunum
1269 4239 1332 4303 337
1341 4239 1512 4304 matheseos
1523 4240 1616 4304 libros

490 4345 717 4429 conscripsisse,
737 4357 841 4431 postea
856 4367 930 4410 uero
942 4345 1028 4410 tidem
1043 4347 1242 4410 Christianam
1258 4356 1394 4410 secutum
1409 4364 1478 4408 esse
1490 4357 1520 4410 et
1531 4346 1615 4410 lihcl-

488 4451 549 4514 lum
566 4451 602 4512 de
618 4471 722 4516 errore
737 4455 928 4538 profanarum
949 4453 1127 4536 religionum
1142 4451 1355 4534 composuisse.
1385 4452 1480 4532 Quam
1496 4452 1613 4535 quidem

490 4556 668 4620 seutentiam
692 4570 813 4642 praeter
827 4560 856 4623 id
874 4559 951 4642 quod
974 4579 1064 4641 supra
1087 4558 1123 4622 de
1139 4557 1235 4642 patria
1250 4557 1372 4624 Firmici
1387 4559 1517 4624 disserui
1533 4581 1613 4623 eom-

489 4663 608 4726 mcndat
630 4663 718 4726 etiam
740 4685 827 4747 quam
848 4664 980 4728 maxime
1001 4683 1116 4729 summa
1138 4685 1213 4750 quae
1234 4665 1317 4730 inter
1331 4675 1489 4750 utrumque
1504 4666 1611 4730 librum
