3725 5850
999 630 1046 696 38

459 810 504 895 pis
519 810 551 873 in
575 809 692 892 templis
714 821 745 873 et
764 810 932 875 occisarum
957 809 1122 873 hostiarum
1136 808 1249 873 misero
1264 810 1400 893 pasceris
1415 814 1592 896 sangnine,
1684 696 1697 944 l

458 936 513 980 neo
535 916 659 979 uenenis
680 914 740 979 tuis
763 936 853 979 cruor
868 915 963 979 defuit
976 936 1032 978 nec
1047 926 1198 979 semustae
1211 924 1412 979 crematorum
1428 938 1591 1003 corporum

458 1034 571 1106 partes,
590 1024 783 1085 humanarum
800 1032 831 1084 te
845 1023 936 1085 etiam
952 1022 1139 1085 uictimarum
1159 1022 1333 1102 frequenter
1347 1024 1497 1107 sanguine
1518 1048 1592 1089 crn-

459 1127 569 1191 entasti
585 1138 615 1191 et
630 1127 761 1193 Latiaris
778 1127 877 1211 templi
900 1147 1008 1191 cruore
1022 1127 1070 1190 uel
1092 1148 1145 1191 ara
1162 1126 1352 1209 Karthaginis
1372 1115 1542 1195 mbies'tua
1556 1144 1592 1195 et

418 1238 603 1298 ltsicearum
619 1234 746 1297 faucium
763 1253 880 1297 uenena
896 1233 1006 1295 nutrita
1022 1243 1103 1295 sunt.
1136 1233 1184 1297 Τιι
1199 1233 1273 1296 haec
1287 1235 1402 1297 iaciens
1417 1235 1589 1301 hominibus

458 1352 488 1403 tc
503 1340 622 1404 miseris
638 1337 781 1422 prodesse
802 1338 897 1401 iactas
913 1348 946 1403 ut
968 1337 1147 1401 crudelitate
1163 1348 1213 1402 tna
1230 1341 1371 1423 perimas,
1388 1344 1588 1425 persuasione

458 1447 606 1529 decipias,
630 1443 846 1527 pollicitatione
869 1453 1063 1528 prosternas:
1093 1443 1138 1509 sic
1153 1444 1212 1509 tuis
1226 1445 1392 1529 prospicis,
1421 1448 1584 1530 parricida.

459 1551 576 1635 Fugite,
595 1549 730 1613 omiscri
747 1548 894 1625 homines,
919 1549 1014 1633 fugite
1029 1560 1060 1612 et
1074 1550 1282 1633 contagionem
1297 1550 1387 1635 istam
1403 1564 1587 1635 quantacun·

457 1677 515 1740 que
531 1655 655 1740 potestis
678 1655 831 1719 celeritate
855 1655 1003 1719 deseritcz
1028 1657 1119 1721 draco
1134 1667 1181 1721 est
1196 1658 1246 1739 qni
1268 1658 1390 1736 colitur,
1413 1658 1510 1723 latere
1525 1682 1586 1723 non

415 1772 571 1847 topotcst,
594 1761 805 1847 proprietatem
828 1760 959 1825 nominis
980 1762 1028 1826 sui
1049 1761 1114 1846 ipse
1140 1764 1298 1827 consessus
1319 1774 1383 1842 est,
1414 1765 1585 1828 confessum

456 1889 540 1932 reum
557 1888 652 1953 poena
669 1868 873 1951 consequitur.
910 1867 1019 1933 Audite
1034 1869 1105 1951 quid
1119 1878 1242 1933 sanctus
1259 1870 1402 1953 propheta
1418 1870 1522 1933 diuina
1537 1871 1584 1934 in-

443 1974 618 2058 ‚stigationc
639 1973 806 2037 denuntiet.
852 1974 1010 2040 Oraculnm
1033 1976 1089 2038 buc
1110 1974 1218 2038 Esaiae
1239 1974 1325 2039 nobis
1354 1975 1428 2039 hdes
1450 1977 1586 2055 tradidit,

333 2081 502 2159 [ott,t.]ait
524 2082 622 2144 enimc
649 2076 695 2144 ‘in
716 2080 767 2143 illa
788 2081 836 2144 dic
856 2081 1036 2163 superducet
1057 2081 1131 2143 deus
1159 2080 1290 2162 gladium
1313 2092 1448 2144 sanctum
1470 2092 1502 2145 et
1523 2103 1587 2145 ma·

335 2198 548 2270 rot.tt·.gnum
571 2198 600 2249 et
624 2189 729 2250 fortem
753 2206 843 2268 super
858 2186 1030 2261 draconem,
1051 2186 1058 2271 Ι
1082 2198 1251 2271 serpentem
1265 2206 1407 2270 magnum
1422 2198 1453 2250 et
1467 2197 1586 2252 tortuo-

458 2314 524 2356 sum
546 2303 578 2355 et
597 2291 757 2355 interficiet
777 2283 961 2355 draconem.³
997 2290 1145 2356 Voluntas
1160 2292 1208 2356 dei
1229 2293 1373 2377 perfectio
1388 2294 1489 2378 operis
1503 2294 1588 2358 subi·

459 2409 547 2462 tanea
570 2408 633 2463 est:
663 2398 699 2460 de
728 2417 802 2461 nece
824 2398 964 2462 draconis
993 2398 1053 2461 latu
1079 2398 1230 2461 sententia
1250 2410 1313 2479 est3
1352 2398 1485 2481 quicquit
1511 2400 1586 2463 dens

1693 989 1698 1048 l

459 2503 573 2567 dixerit
587 2505 697 2567 lactum
712 2515 770 2567 est.
808 2503 947 2567 Morituri
962 2503 1101 2568 draconis
1118 2504 1173 2568 hoc
1188 2505 1333 2569 solacium
1348 2515 1395 2571 cat
1408 2515 1442 2567 ut
1455 2505 1585 2568 exitium
1631 2557 1640 2575 ,
1691 2377 1700 2706 Ι

417 2621 432 2671 5
458 2631 545 2674 suum
567 2611 707 2693 frequens
731 2608 914 2694 perditorum
936 2608 1023 2673 turba
1044 2610 1213 2674 comitetur.
1252 2610 1285 2674 si
1306 2611 1411 2675 mortis
1433 2610 1501 2677 cius
1521 2612 1586 2675 dies

458 2717 625 2799 quaeritur,
643 2726 714 2781 tunc
730 2737 890 2801 percussus
905 2728 953 2780 est
966 2738 1033 2780 cum
1049 2715 1198 2780 homiuem
1213 2717 1300 2779 deum
1313 2716 1401 2793 uidit,
1419 2736 1485 2778 cum
1497 2716 1586 2779 Chri·
1691 2736 1703 3273 p

458 2822 497 2884 sti
520 2821 605 2885 nobis
628 2842 737 2886 numen
762 2823 908 2905 apparuit.
945 2822 1017 2887 Post
1030 2822 1115 2885 illum
1137 2821 1228 2899 diem,
1251 2823 1302 2905 qni
1322 2822 1473 2906 serpentis
1494 2823 1583 2887 huius

458 2938 579 2992 secutus
601 2928 692 2990 luerit
712 2928 878 2992 institutum
901 2948 1026 2992 necesse
1048 2940 1151 2991 estut
1176 2950 1242 3000 cum
1262 2941 1404 3012 serpente
1423 2930 1583 2993 moriatur.

458 3033 537 3096 Deos
559 3031 635 3096 istos
656 3054 731 3115 quos
754 3033 853 3098 colitis
868 3034 932 3116 ipse
947 3032 1063 3111 hncxit,
1086 3032 1150 3117 ipse
1165 3035 1347 3118 composuit:
1371 3037 1398 3100 si
1413 3035 1585 3119 pertinaces

417 3139 549 3202 lbanimi
563 3138 658 3202 uestri
672 3139 704 3201 in
719 3139 778 3203 isto
794 3159 899 3203 errore
915 3140 1147 3223 permanserint,
1165 3142 1309 3205 ardebitis
1323 3141 1415 3205 etiam
1430 3163 1486 3204 uos
1502 3143 1584 3226 pari·

458 3256 504 3309 ter
518 3266 583 3308 oum
601 3244 658 3308 diis
674 3245 794 3320 nestris,
820 3256 853 3308 ut
867 3244 999 3328 quicquit
1012 3257 1151 3309 auctores
1166 3247 1262 3310 uestri
1276 3247 1378 3311 diuina
1393 3247 1586 3311 animaduer-

458 3354 542 3417 sione
558 3361 732 3417 meruerunt
754 3351 841 3414 edam
865 3350 902 3414 nd
927 3362 1061 3414 nestrum
1082 3351 1209 3416 exitium
1233 3373 1274 3416 ex
1288 3351 1444 3418 societatis
1459 3374 1584 3418 consor·

458 3461 500 3524 tio
515 3460 726 3524 transferatur.
764 3457 837 3522 Mihi
859 3456 991 3536 credite,
1015 3458 1089 3522 nihil
1114 3458 1317 3542 praetermisit
1338 3459 1475 3523 diabolus
1503 3462 1584 3542 quod

458 3566 606 3638 bominem
622 3566 763 3634 miserum
779 3574 831 3628 aut
844 3564 1014 3628 debilitaret
1027 3575 1080 3627 aut
1094 3565 1252 3648 perderetz
1275 3564 1344 3627 ideo
1359 3585 1394 3628 se
1410 3585 1463 3647 per
1476 3585 1583 3628 omnes

417 3680 448 3730 15
457 3672 569 3733 formas
584 3670 737 3755 multiplici
757 3670 932 3736 diuersitate
948 3671 1109 3747 conuertit,
1125 3669 1194 3734 idco
1208 3690 1243 3733 se
1257 3670 1370 3734 diuersi
1385 3672 1506 3754 generis
1521 3673 1586 3734 cal-

458 3775 574 3838 liditate
596 3776 779 3858 composuit,
803 3787 837 3839 nt
859 3777 952 3840 uariis
971 3797 1007 3839 ac
1029 3775 1238 3859 multiplicibus
1268 3775 1420 3839 fraudibus
1447 3776 1583 3840 homines

342 3898 376 3964 [o.
392 3882 598 3967 arpinretitos
621 3880 783 3944 interimat.
822 3883 913 3946 Sacra
928 3903 983 3945 sna
998 3882 1133 3966 perditus
1147 3883 1303 3959 carnifex,
1330 3903 1385 3966 pro
1405 3884 1503 3960 nefas,
1528 3902 1583 3966 per

456 3991 569 4075 lignum
586 4008 704 4071 semper
718 3989 858 4052 renouari
875 3989 1032 4073 disposuit,
1050 3998 1084 4050 ut
1098 3989 1166 4070 quia
1180 3986 1296 4052 sciebat
1311 3987 1354 4050 ita
1371 3990 1436 4051 lore
1452 3998 1486 4050 nt
1499 3987 1582 4071 ligno

456 4098 554 4162 crucis
570 4095 670 4159 adlisa
685 4093 748 4157 uita
763 4094 889 4158 hominis
904 4105 1064 4179 perpetuae
1079 4093 1300 4158 inmortalitatis
1312 4094 1479 4178 conpagine
1490 4094 1584 4157 strin-

414 4216 447 4265 20
457 4215 596 4287 geretur,
622 4200 770 4286 perituros
786 4199 922 4264 homines
944 4222 985 4264 cx
999 4199 1074 4284 ligni
1095 4200 1264 4264 imitatione
1279 4201 1442 4284 deciperet.
1482 4199 1516 4262 ln
1531 4219 1580 4263 sa-

457 4310 516 4374 cris
538 4309 665 4394 Frygiisj
680 4327 756 4392 quae
776 4305 881 4371 matris
902 4309 990 4370 deum
1012 4306 1126 4384 dicunt,
1149 4327 1203 4391 per
1223 4327 1319 4370 annos
1340 4305 1475 4387 singulos
1490 4304 1581 4368 arbor

527 4570 699 4622 l2seinusto
759 4570 956 4635 itliertaginis
1026 4534 1057 4619 tl
1072 4581 1139 4632 pena
1194 4564 1394 4620 utsutstmttu
1462 4565 1581 4619 atton·

456 4654 576 4706 draconis
644 4655 714 4705 scit
