3725 5850
829 634 849 700 5
1128 678 1132 708 ι

271 814 349 875 baec
363 832 449 875 sacra
467 833 526 874 non
542 813 572 875 iu
590 812 733 875 bonorem
751 814 866 895 lrugum
883 813 983 877 sedin
999 813 1140 877 honorem
1157 814 1398 895 essecompositu

269 918 378 983 mortis
400 919 527 983 alienae.
559 918 637 981 Nam
661 919 736 999 quud
760 929 870 982 terram
896 928 1022 981 matrem
1045 937 1114 982 esse
1129 919 1258 981 omnium
1276 920 1443 984 deorumltt

268 1026 378 1088 dieunt
398 1025 448 1108 qui
471 1024 539 1087 buic
563 1025 710 1088 elemento
732 1024 843 1107 primas
873 1023 1008 1086 tribuunt
1028 1034 1150 1107 partes,
1182 1044 1254 1087 uere
1278 1026 1399 1088 deorum

268 1154 395 1195 suorum
413 1144 509 1195 mater
525 1142 571 1193 est
588 1151 643 1193 nec
658 1130 815 1195 abnuimus
832 1140 881 1191 aut
896 1149 1090 1206 recusamus,
1115 1130 1184 1211 quia
1205 1129 1242 1191 ab
1264 1131 1318 1193 bac
1339 1131 1401 1194 col-

268 1238 365 1302 lectos
382 1239 454 1301 deos
469 1257 541 1299 suos
557 1248 608 1299 aut
623 1237 754 1320 lapideos
770 1236 886 1299 faciunt
899 1258 1019 1320 semper
1038 1246 1090 1299 aut
1113 1237 1241 1318 ligneos.
1275 1237 1400 1299 Terram

267 1364 391 1405 omnem
408 1342 617 1407 circumfluunt
631 1344 723 1405 maria
741 1352 771 1405 et
787 1361 890 1405 rursus
906 1342 1021 1406 inclusa
1038 1342 1149 1405 Oceani
1168 1340 1326 1405 ambientis
1342 1345 1400 1405 cir·

267 1449 340 1511 culo
356 1449 530 1530 stringitur,
549 1449 624 1517 caeli
640 1450 727 1511 eliam
744 1449 870 1511 rotunda
886 1448 1067 1513 sublimitate
1083 1449 1234 1532 operitur,
1258 1448 1400 1531 perflatur
1412 1463 1442 1512 ts

268 1554 381 1630 uentis,
409 1554 578 1636 aspergitur
593 1553 701 1637 pluuiis
717 1565 747 1617 et
762 1554 898 1617 timorem
915 1577 1001 1619 sunm
1016 1554 1127 1619 assidui
1147 1565 1242 1616 motus
1262 1552 1399 1615 tremori-

268 1660 326 1722 bus
349 1661 519 1723 confitetur.
567 1660 640 1739 Quid
664 1681 720 1724 uos
744 1670 861 1723 mancat
882 1661 931 1741 qui
962 1663 1036 1723 baec
1066 1660 1166 1723 colitis
1195 1659 1397 1734 considerate,

268 1788 338 1829 cum
362 1766 402 1829 dii
428 1767 521 1829 uestri
546 1767 747 1830 infirmitatem
770 1788 855 1829 suam
875 1766 962 1831 nobis
978 1765 1148 1829 cottidianis
1163 1765 1399 1828 confessionibus

223 1853 226 1859 ¹
269 1874 408 1955 prodant.

356 1978 476 2063 Assyrii
492 1989 522 2040 et
537 1998 606 2060 pars
622 1978 763 2041 Afrorum
778 1998 880 2041 aerem
895 1979 1033 2041 ducatum
1051 1976 1162 2041 babere
1182 1977 1396 2040 elementorum
1407 1982 1522 2048 roto-td

270 2085 378 2147 nolunt
394 2095 424 2147 et
440 2085 518 2147 bunc
532 2084 693 2166 imaginata
711 2085 887 2167 figuratione
904 2093 1105 2147 uenerantur:
1132 2096 1201 2147 rratn
1225 2082 1302 2145 bunc
1325 2102 1399 2145 euu-

268 2192 337 2253 dem
354 2190 382 2251 id
398 2200 443 2253 est
459 2208 558 2252 aerem
574 2191 693 2253 nomine
711 2190 831 2255 lunonis
846 2191 897 2254 uel
911 2189 1039 2253 Veneris
1056 2188 1183 2271 uirginis
1200 2227 1237 2237 -
1256 2189 1282 2251 si
1299 2198 1399 2251 tannen
1506 2196 1509 2199 ’

267 2296 380 2359 Vene'ri
409 2296 518 2378 placuit
546 2295 704 2377 aliquando
735 2296 959 2380 uirginitas-
982 2305 1207 2359 consecrarunt.
1255 2294 1397 2358 lunonem

267 2423 354 2479 sane,
367 2422 405 2465 ue
421 2411 450 2463 et
466 2401 535 2463 binc
551 2402 671 2467 deesset
685 2403 844 2479 incestum,
855 2403 936 2467 lou'm
952 2403 1056 2467 uolunt
1069 2422 1109 2465 ex
1123 2422 1228 2465 sorore
1241 2402 1396 2484 coniugem

268 2509 389 2570 iactam.
421 2507 637 2571 Efferninarunt
652 2530 724 2572 seue
740 2509 796 2572 boc
812 2509 990 2573 elementum
1011 2509 1113 2571 nescio
1130 2529 1187 2589 qua
1202 2507 1397 2570 ueneratione
1406 2524 1439 2574 25

268 2616 421 2677 commoti.
454 2614 532 2678 Num
548 2615 616 2696 quia
631 2635 686 2677 aer
699 2615 874 2689 interiectus
890 2625 938 2677 est
952 2615 1032 2676 inter
1046 2634 1130 2675 mare
1145 2621 1176 2675 et
1191 2612 1305 2673 caelum
1327 2613 1396 2674 elle·

267 2721 389 2783 rniuatis
405 2740 473 2785 enm
490 2722 494 2790 l
508 2720 696 2783 sacerdotum
714 2719 836 2785 uocibus
852 2719 1069 2802 prosecuntur?
1083 2717 1144 2801 pio
1159 2715 1251 2780 mibi:
1270 2719 1325 2779 boc
1341 2738 1395 2781 nu·
1406 2722 1461 2772 rot.
1473 2725 1509 2773 4¹·

267 2846 338 2889 men
354 2826 491 2907 estquod
507 2824 539 2887 in
555 2825 622 2888 uiro
638 2824 776 2887 feminam
794 2826 927 2907 quaerit,
952 2826 1000 2887 cni
1016 2824 1106 2887 aliter
1119 2822 1238 2887 seruire
1253 2825 1395 2887 sacerdo-

266 2943 330 2994 tum
354 2952 476 2994 suorum
498 2932 607 2994 chorus
630 2952 689 2994 uon
714 2941 829 3013 potest,
859 2932 917 2995 nisi
941 2932 1114 2995 effeminent
1134 2930 1264 3006 uultum,
1297 2940 1395 2994 cutem

266 3038 381 3122 poliant
396 3048 425 3100 et
440 3037 557 3100 uirilem
573 3059 679 3101 sexum
696 3047 803 3101 nrrratu
827 3037 972 3101 muliebre
986 3037 1188 3101 dedecorent?
1218 3035 1327 3099 Videre
1348 3048 1393 3100 est

265 3145 297 3206 in
313 3142 387 3226 ipsis
403 3143 518 3226 templis
533 3165 600 3207 cum
616 3142 732 3226 publico
749 3143 861 3227 gemitu
878 3144 1046 3208 miseranda
1062 3143 1208 3206 ludibria:
1232 3144 1313 3208 uiros
1329 3166 1394 3207 mu·
1421 3151 1437 3200 5

150 3251 153 3266 '
267 3249 372 3312 liebria
394 3250 453 3332 pati
477 3258 507 3311 et
529 3248 605 3312 banc
625 3250 733 3333 impuri
762 3261 792 3313 et
818 3250 949 3333 inpudici
971 3250 1107 3334 corporis
1138 3245 1232 3312 labem
1262 3250 1393 3332 gloriosa

267 3355 470 3420 ostentatione
486 3355 637 3437 detegere.
669 3356 823 3420 Publicant
838 3358 974 3422 facinora
988 3378 1042 3421 sua
1058 3366 1089 3419 ct
1112 3355 1305 3418 contaminati
1326 3376 1393 3416 eor-

266 3462 349 3545 poris
365 3461 470 3525 uitium
487 3483 554 3525 cum
570 3462 702 3524 maxima
717 3462 925 3526 delectationis
941 3463 1055 3526 macula
1080 3462 1277 3537 confitentum
1303 3480 1393 3523 exor-

266 3578 342 3630 nant
363 3567 550 3630 muliebriter
572 3568 700 3632 nutritos
723 3568 821 3632 crines
845 3578 876 3631 et
897 3568 1034 3632 delicatis
1057 3567 1155 3631 amicti
1183 3565 1317 3630 uestibus
1340 3567 1395 3628 uix

266 3685 356 3757 capnt
377 3673 455 3736 lassa
477 3673 594 3737 ceruice
615 3684 794 3738 sustentant.
828 3675 941 3738 lleinde
961 3695 1028 3737 cum
1049 3675 1092 3738 sic
1106 3695 1140 3738 se
1155 3674 1270 3737 alienos
1287 3695 1304 3736 a
1320 3674 1437 3736 uirislo

267 3779 397 3842 fecerint
411 3779 561 3862 adimpleti
579 3780 715 3845 tibiarum
732 3793 819 3845 cantu
836 3791 946 3845 uncant
961 3781 1046 3844 deam
1062 3802 1145 3845 suant
1161 3791 1195 3843 nt
1209 3781 1324 3843 nefario
1345 3800 1394 3844 re-

268 3884 339 3968 pleti
363 3884 470 3968 spiritu
493 3885 579 3950 uanis
603 3886 769 3950 homiuibus
794 3887 878 3970 quasi
900 3889 998 3951 lutura
1021 3887 1203 3971 praedicant.
1236 3885 1321 3964 Quod
1338 3887 1394 3948 boc

268 4001 431 4056 monstrum
457 4003 504 4054 est
524 3992 640 4074 quodue
663 3994 850 4076 prodigium?
885 3994 1007 4076 Negant
1028 4015 1061 4059 se
1085 3994 1166 4056 uiros
1188 4012 1257 4056 esse
1279 4003 1311 4054 et
1334 4011 1393 4052 non

267 4108 354 4161 sunt:
382 4098 523 4162 mulieres
546 4117 579 4162 se
601 4098 706 4162 uolunt
729 4100 827 4177 credi,
852 4102 904 4164 sed
926 4101 1009 4164 aliud·
1029 4100 1250 4182 qualiscumque
1265 4095 1393 4177 qualitas

267 4205 408 4288 corporis·
424 4203 594 4266 confitetur.
635 4204 891 4269 Considerandum
916 4217 963 4269 est
984 4191 1089 4284 etiam,
1114 4203 1201 4287 quale
1223 4203 1263 4263 sit
1283 4222 1392 4264 numen
1405 4209 1435 4258 15

267 4311 344 4392 quod
360 4309 404 4373 sic
419 4310 527 4395 impuri
542 4312 676 4394 corporis
690 4313 855 4375 delectatur
871 4312 1012 4396 bospitio,
1028 4310 1105 4394 quod
1118 4306 1273 4392 impudicis
1286 4307 1394 4370 adbae-

336 4498 351 4548 9
371 4499 511 4566 compositi
673 4500 703 4552 ll
717 4501 844 4566 sortasse
858 4502 964 4551 deorum
979 4501 1088 4550 istorum
1248 4499 1277 4550 tt
1297 4498 1393 4564 plubiis

265 4585 298 4634 25
320 4583 353 4633 Et
367 4582 516 4636 feminarum
674 4585 707 4640 26
725 4582 788 4635 Nam
952 4585 963 4635 l
985 4582 1100 4636 *nomeu
1268 4587 1283 4634 l
1302 4580 1396 4633 ornatui

267 4666 392 4718 muliebre
