<?xml version="1.0" encoding="UTF-8"?>
<!DOCTYPE html PUBLIC "-//W3C//DTD XHTML 1.0 Transitional//EN"
    "http://www.w3.org/TR/xhtml1/DTD/xhtml1-transitional.dtd">
<html xmlns="http://www.w3.org/1999/xhtml" xml:lang="en" lang="en">
 <head>
  <title>
</title>
<meta http-equiv="Content-Type" content="text/html;charset=utf-8" />
  <meta name='ocr-system' content='tesseract 3.04.00' />
  <meta name='ocr-capabilities' content='ocr_page ocr_carea ocr_par ocr_line ocrx_word'/>
</head>
<body>
  <div class='ocr_page' id='page_1' title='image "./ivliifirmicimat00bursgoog_0021.png"; bbox 0 0 3725 5850; ppageno 0'>
   <div class='ocr_carea' id='block_1_1' title="bbox 803 688 823 753">
    <p class='ocr_par' dir='ltr' id='par_1_1' title="bbox 803 688 823 753">
     <span class='ocr_line' id='line_1_1' title="bbox 803 688 823 753; baseline 0 0"><span class='ocrx_word' id='word_1_1' title='bbox 803 688 823 753; x_wconf 88' lang='grc'><strong>3</strong></span> 
     </span>
    </p>
   </div>
   <div class='ocr_carea' id='block_1_2' title="bbox 243 866 1527 4449">
    <p class='ocr_par' dir='ltr' id='par_1_2' title="bbox 243 866 1527 4449">
     <span class='ocr_line' id='line_1_2' title="bbox 244 866 1378 951; baseline -0.003 -20"><span class='ocrx_word' id='word_1_2' title='bbox 244 868 398 951; x_wconf 81' lang='lat' dir='ltr'><strong>hodieque</strong></span> <span class='ocrx_word' id='word_1_3' title='bbox 421 866 566 950; x_wconf 79' lang='lat' dir='ltr'>reliquiae</span> <span class='ocrx_word' id='word_1_4' title='bbox 589 902 629 913; x_wconf 89' lang='lat'>—</span> <span class='ocrx_word' id='word_1_5' title='bbox 652 887 721 929; x_wconf 88' lang='lat' dir='ltr'><strong>uam</strong></span> <span class='ocrx_word' id='word_1_6' title='bbox 743 876 774 929; x_wconf 86' lang='lat' dir='ltr'><strong>et</strong></span> <span class='ocrx_word' id='word_1_7' title='bbox 794 867 983 949; x_wconf 76' lang='lat' dir='ltr'>sepulchrum</span> <span class='ocrx_word' id='word_1_8' title='bbox 1010 866 1144 950; x_wconf 88' lang='lat' dir='ltr'><strong>0syridis</strong></span> <span class='ocrx_word' id='word_1_9' title='bbox 1174 866 1321 950; x_wconf 82' lang='lat' dir='ltr'><strong>hodieque</strong></span> <span class='ocrx_word' id='word_1_10' title='bbox 1348 866 1378 929; x_wconf 91' lang='lat' dir='ltr'><strong>iu</strong></span> 
     </span>
     <span class='ocr_line' id='line_1_3' title="bbox 243 972 1380 1059; baseline -0.001 -22"><span class='ocrx_word' id='word_1_11' title='bbox 243 974 390 1059; x_wconf 82' lang='lat' dir='ltr'><strong>Aegypto</strong></span> <span class='ocrx_word' id='word_1_12' title='bbox 407 984 455 1037; x_wconf 89' lang='lat' dir='ltr'><strong>est</strong></span> <span class='ocrx_word' id='word_1_13' title='bbox 471 984 500 1037; x_wconf 88' lang='lat' dir='ltr'><strong>et</strong></span> <span class='ocrx_word' id='word_1_14' title='bbox 521 972 645 1037; x_wconf 87' lang='lat' dir='ltr'><strong>cremati</strong></span> <span class='ocrx_word' id='word_1_15' title='bbox 660 972 795 1056; x_wconf 89' lang='lat' dir='ltr'><strong>corporis</strong></span> <span class='ocrx_word' id='word_1_16' title='bbox 811 972 956 1054; x_wconf 80' lang='lat' dir='ltr'><strong>reliquiae</strong></span> <span class='ocrx_word' id='word_1_17' title='bbox 971 983 1135 1034; x_wconf 86' lang='lat' dir='ltr'><strong>cernuntur</strong></span> <span class='ocrx_word' id='word_1_18' title='bbox 1150 1010 1187 1019; x_wconf 92' lang='lat'><em>-</em></span> <span class='ocrx_word' id='word_1_19' title='bbox 1207 974 1380 1036; x_wconf 82' lang='lat' dir='ltr'><strong>defensores</strong></span> 
     </span>
     <span class='ocr_line' id='line_1_4' title="bbox 246 1078 1378 1163; baseline -0.003 -19"><span class='ocrx_word' id='word_1_20' title='bbox 246 1102 358 1145; x_wconf 92' lang='lat' dir='ltr'><strong>eorum</strong></span> <span class='ocrx_word' id='word_1_21' title='bbox 376 1080 481 1144; x_wconf 90' lang='lat' dir='ltr'><strong>uolunt</strong></span> <span class='ocrx_word' id='word_1_22' title='bbox 496 1078 606 1141; x_wconf 88' lang='lat' dir='ltr'><strong>addere</strong></span> <span class='ocrx_word' id='word_1_23' title='bbox 625 1078 775 1163; x_wconf 87' lang='lat' dir='ltr'><strong>physicam</strong></span> <span class='ocrx_word' id='word_1_24' title='bbox 798 1079 963 1153; x_wconf 88' lang='lat' dir='ltr'><strong>rationem,</strong></span> <span class='ocrx_word' id='word_1_25' title='bbox 989 1080 1106 1161; x_wconf 82' lang='lat' dir='ltr'><strong>frugum</strong></span> <span class='ocrx_word' id='word_1_26' title='bbox 1130 1079 1244 1142; x_wconf 89' lang='lat' dir='ltr'><strong>semina</strong></span> <span class='ocrx_word' id='word_1_27' title='bbox 1260 1078 1378 1163; x_wconf 83' lang='lat' dir='ltr'><strong>Osyrim</strong></span> 
     </span>
     <span class='ocr_line' id='line_1_5' title="bbox 246 1184 1380 1270; baseline -0.003 -21"><span class='ocrx_word' id='word_1_28' title='bbox 246 1187 389 1249; x_wconf 89' lang='lat' dir='ltr'><strong>dieentes</strong></span> <span class='ocrx_word' id='word_1_29' title='bbox 405 1205 491 1262; x_wconf 88' lang='lat' dir='ltr'><strong>esse,</strong></span> <span class='ocrx_word' id='word_1_30' title='bbox 516 1184 585 1248; x_wconf 91' lang='lat' dir='ltr'><strong>Isim</strong></span> <span class='ocrx_word' id='word_1_31' title='bbox 602 1196 733 1263; x_wconf 86' lang='lat' dir='ltr'><strong>terram,</strong></span> <span class='ocrx_word' id='word_1_32' title='bbox 750 1185 896 1270; x_wconf 88' lang='lat' dir='ltr'><strong>Tylonem</strong></span> <span class='ocrx_word' id='word_1_33' title='bbox 912 1186 1062 1248; x_wconf 83' lang='lat' dir='ltr'><strong>calorem:</strong></span> <span class='ocrx_word' id='word_1_34' title='bbox 1086 1194 1116 1246; x_wconf 90' lang='lat' dir='ltr'><strong>et</strong></span> <span class='ocrx_word' id='word_1_35' title='bbox 1131 1184 1200 1266; x_wconf 91' lang='lat' dir='ltr'><strong>quia</strong></span> <span class='ocrx_word' id='word_1_36' title='bbox 1215 1196 1380 1248; x_wconf 72' lang='lat' dir='ltr'><strong>maturatae</strong></span> 
     </span>
     <span class='ocr_line' id='line_1_6' title="bbox 246 1290 1424 1376; baseline -0.001 -21"><span class='ocrx_word' id='word_1_37' title='bbox 246 1294 357 1376; x_wconf 89' lang='lat' dir='ltr'><strong>fruges</strong></span> <span class='ocrx_word' id='word_1_38' title='bbox 380 1291 481 1355; x_wconf 89' lang='lat' dir='ltr'><strong>calore</strong></span> <span class='ocrx_word' id='word_1_39' title='bbox 503 1291 538 1353; x_wconf 87' lang='lat' dir='ltr'><strong>ad</strong></span> <span class='ocrx_word' id='word_1_40' title='bbox 563 1290 653 1354; x_wconf 91' lang='lat' dir='ltr'><strong>uitam</strong></span> <span class='ocrx_word' id='word_1_41' title='bbox 676 1290 826 1354; x_wconf 88' lang='lat' dir='ltr'><strong>homiuum</strong></span> <span class='ocrx_word' id='word_1_42' title='bbox 849 1291 1032 1373; x_wconf 89' lang='lat' dir='ltr'><strong>colliguntur</strong></span> <span class='ocrx_word' id='word_1_43' title='bbox 1053 1301 1083 1353; x_wconf 91' lang='lat' dir='ltr'><strong>et</strong></span> <span class='ocrx_word' id='word_1_44' title='bbox 1106 1290 1219 1353; x_wconf 90' lang='lat' dir='ltr'><strong>diuisae</strong></span> <span class='ocrx_word' id='word_1_45' title='bbox 1242 1311 1260 1353; x_wconf 89' lang='lat' dir='ltr'><strong>a</strong></span> <span class='ocrx_word' id='word_1_46' title='bbox 1282 1301 1424 1355; x_wconf 86' lang='lat' dir='ltr'><strong>terrae15</strong></span> 
     </span>
     <span class='ocr_line' id='line_1_7' title="bbox 249 1394 1384 1481; baseline -0.004 -19"><span class='ocrx_word' id='word_1_47' title='bbox 249 1397 410 1462; x_wconf 88' lang='lat' dir='ltr'><strong>consortio</strong></span> <span class='ocrx_word' id='word_1_48' title='bbox 432 1407 611 1481; x_wconf 76' lang='lat' dir='ltr'><strong>separantur</strong></span> <span class='ocrx_word' id='word_1_49' title='bbox 632 1405 662 1458; x_wconf 90' lang='lat' dir='ltr'><strong>et</strong></span> <span class='ocrx_word' id='word_1_50' title='bbox 682 1417 787 1460; x_wconf 92' lang='lat' dir='ltr'><strong>rursus</strong></span> <span class='ocrx_word' id='word_1_51' title='bbox 809 1398 1065 1481; x_wconf 86' lang='lat' dir='ltr'><strong>adpropinquante</strong></span> <span class='ocrx_word' id='word_1_52' title='bbox 1086 1394 1182 1460; x_wconf 91' lang='lat' dir='ltr'><strong>bieme</strong></span> <span class='ocrx_word' id='word_1_53' title='bbox 1198 1396 1384 1459; x_wconf 86' lang='lat' dir='ltr'><strong>seminantur</strong></span> 
     </span>
     <span class='ocr_line' id='line_1_8' title="bbox 250 1501 1384 1587; baseline -0.003 -21"><span class='ocrx_word' id='word_1_54' title='bbox 250 1504 334 1567; x_wconf 90' lang='lat' dir='ltr'><strong>hanc</strong></span> <span class='ocrx_word' id='word_1_55' title='bbox 357 1502 463 1565; x_wconf 91' lang='lat' dir='ltr'><strong>uolunt</strong></span> <span class='ocrx_word' id='word_1_56' title='bbox 484 1523 552 1566; x_wconf 89' lang='lat' dir='ltr'><strong>esse</strong></span> <span class='ocrx_word' id='word_1_57' title='bbox 573 1512 697 1565; x_wconf 90' lang='lat' dir='ltr'><strong>mortem</strong></span> <span class='ocrx_word' id='word_1_58' title='bbox 721 1501 856 1587; x_wconf 85' lang='lat' dir='ltr'><strong>Osyridis</strong></span> <span class='ocrx_word' id='word_1_59' title='bbox 878 1525 945 1567; x_wconf 91' lang='lat' dir='ltr'><strong>cum</strong></span> <span class='ocrx_word' id='word_1_60' title='bbox 966 1504 1068 1586; x_wconf 86' lang='lat' dir='ltr'><strong>fruges</strong></span> <span class='ocrx_word' id='word_1_61' title='bbox 1093 1502 1250 1579; x_wconf 88' lang='lat' dir='ltr'><strong>recidunt,</strong></span> <span class='ocrx_word' id='word_1_62' title='bbox 1279 1502 1384 1564; x_wconf 86' lang='lat' dir='ltr'><strong>iuuen-</strong></span> 
     </span>
     <span class='ocr_line' id='line_1_9' title="bbox 251 1608 1385 1691; baseline -0.003 -19"><span class='ocrx_word' id='word_1_63' title='bbox 251 1610 372 1672; x_wconf 86' lang='lat' dir='ltr'><strong>tionem</strong></span> <span class='ocrx_word' id='word_1_64' title='bbox 386 1629 460 1671; x_wconf 90' lang='lat' dir='ltr'><strong>uero</strong></span> <span class='ocrx_word' id='word_1_65' title='bbox 476 1629 542 1671; x_wconf 89' lang='lat' dir='ltr'><strong>cum</strong></span> <span class='ocrx_word' id='word_1_66' title='bbox 558 1609 659 1691; x_wconf 82' lang='lat' dir='ltr'><strong>fruges</strong></span> <span class='ocrx_word' id='word_1_67' title='bbox 675 1608 814 1691; x_wconf 87' lang='lat' dir='ltr'><strong>genitalis</strong></span> <span class='ocrx_word' id='word_1_68' title='bbox 830 1620 931 1673; x_wconf 90' lang='lat' dir='ltr'><strong>terrae</strong></span> <span class='ocrx_word' id='word_1_69' title='bbox 948 1611 1079 1672; x_wconf 86' lang='lat' dir='ltr'><strong>lomento</strong></span> <span class='ocrx_word' id='word_1_70' title='bbox 1102 1618 1263 1691; x_wconf 87' lang='lat' dir='ltr'><strong>conceptae</strong></span> <span class='ocrx_word' id='word_1_71' title='bbox 1286 1627 1385 1670; x_wconf 88' lang='lat' dir='ltr'><strong>annua</strong></span> 
     </span>
     <span class='ocr_line' id='line_1_10' title="bbox 251 1713 1387 1799; baseline -0.002 -20"><span class='ocrx_word' id='word_1_72' title='bbox 251 1736 364 1779; x_wconf 88' lang='lat' dir='ltr'><strong>rursus</strong></span> <span class='ocrx_word' id='word_1_73' title='bbox 388 1713 542 1799; x_wconf 79' lang='lat' dir='ltr'><strong>coeperint</strong></span> <span class='ocrx_word' id='word_1_74' title='bbox 563 1715 771 1798; x_wconf 89' lang='lat' dir='ltr'><strong>proereatioue</strong></span> <span class='ocrx_word' id='word_1_75' title='bbox 794 1716 945 1799; x_wconf 88' lang='lat' dir='ltr'><strong>generari.</strong></span> <span class='ocrx_word' id='word_1_76' title='bbox 984 1716 1067 1780; x_wconf 91' lang='lat' dir='ltr'><strong>Pone</strong></span> <span class='ocrx_word' id='word_1_77' title='bbox 1096 1717 1172 1779; x_wconf 88' lang='lat' dir='ltr'><strong>hauc</strong></span> <span class='ocrx_word' id='word_1_78' title='bbox 1192 1734 1297 1777; x_wconf 92' lang='lat' dir='ltr'><strong>ueram</strong></span> <span class='ocrx_word' id='word_1_79' title='bbox 1319 1734 1387 1777; x_wconf 90' lang='lat' dir='ltr'><strong>esse</strong></span> 
     </span>
     <span class='ocr_line' id='line_1_11' title="bbox 254 1820 1430 1906; baseline -0.003 -20"><span class='ocrx_word' id='word_1_80' title='bbox 254 1842 413 1886; x_wconf 90' lang='lat' dir='ltr'><strong>sacrorum</strong></span> <span class='ocrx_word' id='word_1_81' title='bbox 435 1820 562 1884; x_wconf 90' lang='lat' dir='ltr'><strong>istorum</strong></span> <span class='ocrx_word' id='word_1_82' title='bbox 584 1820 750 1899; x_wconf 89' lang='lat' dir='ltr'><strong>rationem,</strong></span> <span class='ocrx_word' id='word_1_83' title='bbox 774 1842 850 1906; x_wconf 92' lang='lat' dir='ltr'><strong>pone</strong></span> <span class='ocrx_word' id='word_1_84' title='bbox 873 1832 995 1906; x_wconf 90' lang='lat' dir='ltr'><strong>propter</strong></span> <span class='ocrx_word' id='word_1_85' title='bbox 1018 1824 1119 1903; x_wconf 89' lang='lat' dir='ltr'><strong>lruges</strong></span> <span class='ocrx_word' id='word_1_86' title='bbox 1140 1831 1211 1883; x_wconf 89' lang='lat' dir='ltr'><strong>uota</strong></span> <span class='ocrx_word' id='word_1_87' title='bbox 1232 1820 1317 1883; x_wconf 90' lang='lat' dir='ltr'><strong>reddi</strong></span> <span class='ocrx_word' id='word_1_88' title='bbox 1334 1833 1430 1883; x_wconf 82' lang='lat' dir='ltr'><strong>nu·20</strong></span> 
     </span>
     <span class='ocr_line' id='line_1_12' title="bbox 255 1924 1389 2009; baseline -0.002 -19"><span class='ocrx_word' id='word_1_89' title='bbox 255 1926 411 1993; x_wconf 85' lang='lat' dir='ltr'><strong>minibus:</strong></span> <span class='ocrx_word' id='word_1_90' title='bbox 436 1925 505 2007; x_wconf 91' lang='lat' dir='ltr'><strong>quid</strong></span> <span class='ocrx_word' id='word_1_91' title='bbox 519 1925 602 1988; x_wconf 92' lang='lat' dir='ltr'><strong>addis</strong></span> <span class='ocrx_word' id='word_1_92' title='bbox 618 1924 777 2005; x_wconf 90' lang='lat' dir='ltr'><strong>incestum,</strong></span> <span class='ocrx_word' id='word_1_93' title='bbox 803 1926 872 2009; x_wconf 89' lang='lat' dir='ltr'><strong>quid</strong></span> <span class='ocrx_word' id='word_1_94' title='bbox 894 1926 1092 2004; x_wconf 86' lang='lat' dir='ltr'><strong>adulterium,</strong></span> <span class='ocrx_word' id='word_1_95' title='bbox 1116 1927 1186 2008; x_wconf 90' lang='lat' dir='ltr'><strong>quid</strong></span> <span class='ocrx_word' id='word_1_96' title='bbox 1202 1925 1389 1989; x_wconf 89' lang='lat' dir='ltr'><strong>miserandae</strong></span> 
     </span>
     <span class='ocr_line' id='line_1_13' title="bbox 257 2030 1391 2117; baseline -0.003 -21"><span class='ocrx_word' id='word_1_97' title='bbox 257 2031 533 2096; x_wconf 90' lang='lat' dir='ltr'><strong>animaduersionis</strong></span> <span class='ocrx_word' id='word_1_98' title='bbox 555 2030 704 2095; x_wconf 73' lang='lat' dir='ltr'><strong>exitium?</strong></span> <span class='ocrx_word' id='word_1_99' title='bbox 741 2030 816 2110; x_wconf 81' lang='lat' dir='ltr'><strong>Quid</strong></span> <span class='ocrx_word' id='word_1_100' title='bbox 839 2032 1010 2096; x_wconf 86' lang='lat' dir='ltr'><strong>errantibus</strong></span> <span class='ocrx_word' id='word_1_101' title='bbox 1033 2031 1201 2096; x_wconf 78' lang='lat' dir='ltr'><strong>bominibus</strong></span> <span class='ocrx_word' id='word_1_102' title='bbox 1225 2042 1256 2094; x_wconf 90' lang='lat' dir='ltr'><strong>et</strong></span> <span class='ocrx_word' id='word_1_103' title='bbox 1278 2030 1391 2117; x_wconf 89' lang='lat' dir='ltr'><strong>simpli·</strong></span> 
     </span>
     <span class='ocr_line' id='line_1_14' title="bbox 257 2137 1392 2222; baseline -0.003 -21"><span class='ocrx_word' id='word_1_104' title='bbox 257 2140 339 2202; x_wconf 90' lang='lat' dir='ltr'><strong>citer</strong></span> <span class='ocrx_word' id='word_1_105' title='bbox 351 2155 476 2221; x_wconf 89' lang='lat' dir='ltr'><strong>peccare</strong></span> <span class='ocrx_word' id='word_1_106' title='bbox 492 2137 680 2221; x_wconf 88' lang='lat' dir='ltr'><strong>cupientibus</strong></span> <span class='ocrx_word' id='word_1_107' title='bbox 690 2138 726 2201; x_wconf 91' lang='lat' dir='ltr'><strong>de</strong></span> <span class='ocrx_word' id='word_1_108' title='bbox 742 2137 838 2201; x_wconf 89' lang='lat' dir='ltr'><strong>sacris</strong></span> <span class='ocrx_word' id='word_1_109' title='bbox 853 2138 911 2202; x_wconf 90' lang='lat' dir='ltr'><strong>tuis</strong></span> <span class='ocrx_word' id='word_1_110' title='bbox 920 2137 1027 2201; x_wconf 90' lang='lat' dir='ltr'><strong>malum</strong></span> <span class='ocrx_word' id='word_1_111' title='bbox 1038 2148 1189 2202; x_wconf 87' lang='lat' dir='ltr'><strong>monstras</strong></span> <span class='ocrx_word' id='word_1_112' title='bbox 1198 2137 1392 2222; x_wconf 79' lang='lat' dir='ltr'><strong>exemplum?</strong></span> 
     </span>
     <span class='ocr_line' id='line_1_15' title="bbox 258 2241 1391 2329; baseline -0.001 -21"><span class='ocrx_word' id='word_1_113' title='bbox 258 2244 392 2329; x_wconf 83' lang='lat' dir='ltr'><strong>Physica</strong></span> <span class='ocrx_word' id='word_1_114' title='bbox 414 2241 493 2306; x_wconf 90' lang='lat' dir='ltr'><strong>ratio</strong></span> <span class='ocrx_word' id='word_1_115' title='bbox 514 2263 601 2325; x_wconf 91' lang='lat' dir='ltr'><strong>quam</strong></span> <span class='ocrx_word' id='word_1_116' title='bbox 624 2243 697 2307; x_wconf 87' lang='lat' dir='ltr'><strong>dicis</strong></span> <span class='ocrx_word' id='word_1_117' title='bbox 719 2243 778 2307; x_wconf 91' lang='lat' dir='ltr'><strong>alio</strong></span> <span class='ocrx_word' id='word_1_118' title='bbox 799 2264 911 2327; x_wconf 88' lang='lat' dir='ltr'><strong>genere</strong></span> <span class='ocrx_word' id='word_1_119' title='bbox 934 2245 1058 2309; x_wconf 89' lang='lat' dir='ltr'><strong>celetur.</strong></span> <span class='ocrx_word' id='word_1_120' title='bbox 1092 2243 1168 2323; x_wconf 80' lang='lat' dir='ltr'><strong>Quid</strong></span> <span class='ocrx_word' id='word_1_121' title='bbox 1184 2256 1283 2309; x_wconf 88' lang='lat' dir='ltr'><strong>autem</strong></span> <span class='ocrx_word' id='word_1_122' title='bbox 1298 2243 1391 2308; x_wconf 90' lang='lat' dir='ltr'><strong>celari</strong></span> 
     </span>
     <span class='ocr_line' id='line_1_16' title="bbox 260 2349 1505 2436; baseline 0.001 -22"><span class='ocrx_word' id='word_1_123' title='bbox 260 2349 399 2435; x_wconf 83' lang='lat' dir='ltr'><strong>oportuit</strong></span> <span class='ocrx_word' id='word_1_124' title='bbox 413 2350 488 2432; x_wconf 90' lang='lat' dir='ltr'><strong>quod</strong></span> <span class='ocrx_word' id='word_1_125' title='bbox 508 2358 512 2433; x_wconf 74' lang='lat' dir='ltr'><strong>l</strong></span> <span class='ocrx_word' id='word_1_126' title='bbox 530 2350 667 2415; x_wconf 90' lang='lat' dir='ltr'><strong>omnibus</strong></span> <span class='ocrx_word' id='word_1_127' title='bbox 684 2360 785 2413; x_wconf 90' lang='lat' dir='ltr'><strong>uotum</strong></span> <span class='ocrx_word' id='word_1_128' title='bbox 803 2350 870 2415; x_wconf 82' lang='lat' dir='ltr'><strong>est?</strong></span> <span class='ocrx_word' id='word_1_129' title='bbox 896 2350 959 2414; x_wconf 90' lang='lat' dir='ltr'><strong>Cur</strong></span> <span class='ocrx_word' id='word_1_130' title='bbox 975 2350 1112 2434; x_wconf 81' lang='lat' dir='ltr'><strong>plangitis</strong></span> <span class='ocrx_word' id='word_1_131' title='bbox 1127 2352 1229 2436; x_wconf 84' lang='lat' dir='ltr'><strong>fruges</strong></span> <span class='ocrx_word' id='word_1_132' title='bbox 1245 2363 1345 2414; x_wconf 91' lang='lat' dir='ltr'><strong>terrae</strong></span> <span class='ocrx_word' id='word_1_133' title='bbox 1361 2360 1505 2420; x_wconf 70' lang='lat' dir='ltr'><strong>atroce.</strong></span> 
     </span>
     <span class='ocr_line' id='line_1_17' title="bbox 261 2454 1393 2540; baseline -0.002 -19"><span class='ocrx_word' id='word_1_134' title='bbox 261 2456 430 2521; x_wconf 86' lang='lat' dir='ltr'><strong>crescentia</strong></span> <span class='ocrx_word' id='word_1_135' title='bbox 453 2456 562 2539; x_wconf 87' lang='lat' dir='ltr'><strong>lugetis</strong></span> <span class='ocrx_word' id='word_1_136' title='bbox 582 2455 719 2519; x_wconf 74' lang='lat' dir='ltr'><strong>semina?</strong></span> <span class='ocrx_word' id='word_1_137' title='bbox 747 2454 791 2519; x_wconf 86' lang='lat' dir='ltr'><strong>Ad</strong></span> <span class='ocrx_word' id='word_1_138' title='bbox 815 2456 1013 2521; x_wconf 88' lang='lat' dir='ltr'><strong>substantiam</strong></span> <span class='ocrx_word' id='word_1_139' title='bbox 1034 2458 1155 2540; x_wconf 88' lang='lat' dir='ltr'><strong>generis</strong></span> <span class='ocrx_word' id='word_1_140' title='bbox 1178 2457 1297 2521; x_wconf 90' lang='lat' dir='ltr'><strong>humani</strong></span> <span class='ocrx_word' id='word_1_141' title='bbox 1318 2457 1393 2520; x_wconf 88' lang='lat' dir='ltr'><strong>baec</strong></span> 
     </span>
     <span class='ocr_line' id='line_1_18' title="bbox 262 2561 1396 2645; baseline -0.003 -18"><span class='ocrx_word' id='word_1_142' title='bbox 262 2562 366 2627; x_wconf 89' lang='lat' dir='ltr'><strong>omnia</strong></span> <span class='ocrx_word' id='word_1_143' title='bbox 388 2562 487 2625; x_wconf 90' lang='lat' dir='ltr'><strong>diuina</strong></span> <span class='ocrx_word' id='word_1_144' title='bbox 509 2562 616 2625; x_wconf 87' lang='lat' dir='ltr'><strong>summi</strong></span> <span class='ocrx_word' id='word_1_145' title='bbox 640 2561 688 2624; x_wconf 90' lang='lat' dir='ltr'><strong>dei</strong></span> <span class='ocrx_word' id='word_1_146' title='bbox 710 2562 888 2626; x_wconf 87' lang='lat' dir='ltr'><strong>liberalitate</strong></span> <span class='ocrx_word' id='word_1_147' title='bbox 911 2564 1020 2626; x_wconf 86' lang='lat' dir='ltr'><strong>donata</strong></span> <span class='ocrx_word' id='word_1_148' title='bbox 1046 2574 1136 2627; x_wconf 84' lang='lat' dir='ltr'><strong>suut:</strong></span> <span class='ocrx_word' id='word_1_149' title='bbox 1169 2564 1300 2645; x_wconf 87' lang='lat' dir='ltr'><strong>agendae</strong></span> <span class='ocrx_word' id='word_1_150' title='bbox 1325 2573 1396 2625; x_wconf 90' lang='lat' dir='ltr'><strong>sunt</strong></span> 
     </span>
     <span class='ocr_line' id='line_1_19' title="bbox 263 2666 1392 2753; baseline -0.006 -19"><span class='ocrx_word' id='word_1_151' title='bbox 263 2691 384 2735; x_wconf 91' lang='lat' dir='ltr'><strong>summo</strong></span> <span class='ocrx_word' id='word_1_152' title='bbox 400 2670 456 2731; x_wconf 90' lang='lat' dir='ltr'><strong>dec</strong></span> <span class='ocrx_word' id='word_1_153' title='bbox 472 2668 588 2753; x_wconf 87' lang='lat' dir='ltr'><strong>gratiae</strong></span> <span class='ocrx_word' id='word_1_154' title='bbox 604 2678 724 2750; x_wconf 87' lang='lat' dir='ltr'><strong>propter</strong></span> <span class='ocrx_word' id='word_1_155' title='bbox 740 2666 795 2729; x_wconf 91' lang='lat' dir='ltr'><strong>boc</strong></span> <span class='ocrx_word' id='word_1_156' title='bbox 811 2686 866 2729; x_wconf 90' lang='lat' dir='ltr'><strong>nee</strong></span> <span class='ocrx_word' id='word_1_157' title='bbox 879 2678 925 2731; x_wconf 88' lang='lat' dir='ltr'><strong>est</strong></span> <span class='ocrx_word' id='word_1_158' title='bbox 939 2669 1046 2731; x_wconf 84' lang='lat' dir='ltr'><strong>summi</strong></span> <span class='ocrx_word' id='word_1_159' title='bbox 1060 2669 1108 2731; x_wconf 91' lang='lat' dir='ltr'><strong>dei</strong></span> <span class='ocrx_word' id='word_1_160' title='bbox 1120 2668 1249 2751; x_wconf 89' lang='lat' dir='ltr'><strong>lugenda</strong></span> <span class='ocrx_word' id='word_1_161' title='bbox 1261 2667 1392 2750; x_wconf 83' lang='lat' dir='ltr'><strong>largitio.</strong></span> 
     </span>
     <span class='ocr_line' id='line_1_20' title="bbox 264 2771 1436 2857; baseline -0.003 -18"><span class='ocrx_word' id='word_1_162' title='bbox 264 2776 384 2839; x_wconf 86' lang='lat' dir='ltr'><strong>Deflete</strong></span> <span class='ocrx_word' id='word_1_163' title='bbox 399 2773 498 2857; x_wconf 86' lang='lat' dir='ltr'><strong>potius</strong></span> <span class='ocrx_word' id='word_1_164' title='bbox 513 2771 590 2854; x_wconf 93' lang='lat' dir='ltr'><strong>quod</strong></span> <span class='ocrx_word' id='word_1_165' title='bbox 606 2772 715 2834; x_wconf 83' lang='lat' dir='ltr'><strong>erratis</strong></span> <span class='ocrx_word' id='word_1_166' title='bbox 732 2782 762 2834; x_wconf 87' lang='lat' dir='ltr'><strong>et</strong></span> <span class='ocrx_word' id='word_1_167' title='bbox 776 2791 912 2835; x_wconf 91' lang='lat' dir='ltr'><strong>errorem</strong></span> <span class='ocrx_word' id='word_1_168' title='bbox 928 2784 1063 2837; x_wconf 89' lang='lat' dir='ltr'><strong>uestrum</strong></span> <span class='ocrx_word' id='word_1_169' title='bbox 1078 2773 1256 2838; x_wconf 87' lang='lat' dir='ltr'><strong>restauratis</strong></span> <span class='ocrx_word' id='word_1_170' title='bbox 1278 2794 1397 2857; x_wconf 86' lang='lat' dir='ltr'><strong>semper</strong></span> <span class='ocrx_word' id='word_1_171' title='bbox 1421 2788 1436 2836; x_wconf 83' lang='lat'><strong>5</strong></span> 
     </span>
     <span class='ocr_line' id='line_1_21' title="bbox 266 2876 1394 2964; baseline -0.003 -18"><span class='ocrx_word' id='word_1_172' title='bbox 266 2880 399 2947; x_wconf 91' lang='lat' dir='ltr'><strong>luctibus</strong></span> <span class='ocrx_word' id='word_1_173' title='bbox 422 2879 571 2964; x_wconf 81' lang='lat' dir='ltr'><strong>plangite:</strong></span> <span class='ocrx_word' id='word_1_174' title='bbox 595 2876 689 2942; x_wconf 87' lang='lat' dir='ltr'><strong>nolite</strong></span> <span class='ocrx_word' id='word_1_175' title='bbox 712 2878 820 2942; x_wconf 85' lang='lat' dir='ltr'><strong>annuis</strong></span> <span class='ocrx_word' id='word_1_176' title='bbox 845 2878 942 2943; x_wconf 91' lang='lat' dir='ltr'><strong>sacris</strong></span> <span class='ocrx_word' id='word_1_177' title='bbox 964 2899 1110 2963; x_wconf 83' lang='lat' dir='ltr'><strong>quaerere</strong></span> <span class='ocrx_word' id='word_1_178' title='bbox 1133 2881 1221 2944; x_wconf 89' lang='lat' dir='ltr'><strong>louus</strong></span> <span class='ocrx_word' id='word_1_179' title='bbox 1243 2879 1394 2945; x_wconf 84' lang='lat' dir='ltr'><strong>alienum:</strong></span> 
     </span>
     <span class='ocr_line' id='line_1_22' title="bbox 266 2982 1398 3070; baseline -0.003 -18"><span class='ocrx_word' id='word_1_180' title='bbox 266 2987 382 3053; x_wconf 89' lang='lat' dir='ltr'><strong>uestris</strong></span> <span class='ocrx_word' id='word_1_181' title='bbox 398 2987 496 3070; x_wconf 90' lang='lat' dir='ltr'><strong>potius</strong></span> <span class='ocrx_word' id='word_1_182' title='bbox 512 2982 666 3048; x_wconf 79' lang='lat' dir='ltr'><strong>funeribus</strong></span> <span class='ocrx_word' id='word_1_183' title='bbox 680 2992 784 3067; x_wconf 89' lang='lat' dir='ltr'><strong>parate</strong></span> <span class='ocrx_word' id='word_1_184' title='bbox 799 2983 910 3048; x_wconf 88' lang='lat' dir='ltr'><strong>solacia</strong></span> <span class='ocrx_word' id='word_1_185' title='bbox 926 3005 980 3069; x_wconf 91' lang='lat' dir='ltr'><strong>per</strong></span> <span class='ocrx_word' id='word_1_186' title='bbox 1001 3006 1097 3049; x_wconf 88' lang='lat' dir='ltr'><strong>anuos</strong></span> <span class='ocrx_word' id='word_1_187' title='bbox 1119 2986 1265 3069; x_wconf 88' lang='lat' dir='ltr'><strong>singulos.</strong></span> <span class='ocrx_word' id='word_1_188' title='bbox 1299 2988 1322 3051; x_wconf 91' lang='lat'>0</span> <span class='ocrx_word' id='word_1_189' title='bbox 1343 2987 1398 3049; x_wconf 91' lang='lat' dir='ltr'><strong>mi-</strong></span> 
     </span>
     <span class='ocr_line' id='line_1_23' title="bbox 268 3090 1398 3174; baseline -0.002 -16"><span class='ocrx_word' id='word_1_190' title='bbox 268 3115 323 3159; x_wconf 87' lang='lat' dir='ltr'><strong>ser</strong></span> <span class='ocrx_word' id='word_1_191' title='bbox 338 3092 442 3156; x_wconf 84' lang='lat' dir='ltr'><strong>bomo!</strong></span> <span class='ocrx_word' id='word_1_192' title='bbox 474 3091 629 3154; x_wconf 90' lang='lat' dir='ltr'><strong>inuenisse</strong></span> <span class='ocrx_word' id='word_1_193' title='bbox 645 3099 676 3153; x_wconf 87' lang='lat' dir='ltr'><strong>te</strong></span> <span class='ocrx_word' id='word_1_194' title='bbox 699 3090 801 3154; x_wconf 89' lang='lat' dir='ltr'><strong>nescio</strong></span> <span class='ocrx_word' id='word_1_195' title='bbox 824 3090 892 3173; x_wconf 93' lang='lat' dir='ltr'><strong>quid</strong></span> <span class='ocrx_word' id='word_1_196' title='bbox 913 3092 1044 3174; x_wconf 88' lang='lat' dir='ltr'><strong>gaudes,</strong></span> <span class='ocrx_word' id='word_1_197' title='bbox 1077 3114 1143 3156; x_wconf 89' lang='lat' dir='ltr'><strong>cum</strong></span> <span class='ocrx_word' id='word_1_198' title='bbox 1166 3092 1293 3156; x_wconf 89' lang='lat' dir='ltr'><strong>animam</strong></span> <span class='ocrx_word' id='word_1_199' title='bbox 1317 3102 1398 3156; x_wconf 87' lang='lat' dir='ltr'><strong>tuam</strong></span> 
     </span>
     <span class='ocr_line' id='line_1_24' title="bbox 270 3197 1398 3280; baseline -0.002 -17"><span class='ocrx_word' id='word_1_200' title='bbox 270 3221 313 3263; x_wconf 87' lang='lat' dir='ltr'><strong>ex</strong></span> <span class='ocrx_word' id='word_1_201' title='bbox 330 3199 398 3262; x_wconf 86' lang='lat' dir='ltr'><strong>istis</strong></span> <span class='ocrx_word' id='word_1_202' title='bbox 413 3200 506 3261; x_wconf 91' lang='lat' dir='ltr'><strong>sacris</strong></span> <span class='ocrx_word' id='word_1_203' title='bbox 522 3217 576 3280; x_wconf 91' lang='lat' dir='ltr'><strong>per</strong></span> <span class='ocrx_word' id='word_1_204' title='bbox 597 3217 693 3261; x_wconf 89' lang='lat' dir='ltr'><strong>annos</strong></span> <span class='ocrx_word' id='word_1_205' title='bbox 716 3197 849 3280; x_wconf 88' lang='lat' dir='ltr'><strong>singulos</strong></span> <span class='ocrx_word' id='word_1_206' title='bbox 872 3199 991 3280; x_wconf 87' lang='lat' dir='ltr'><strong>perdas.</strong></span> <span class='ocrx_word' id='word_1_207' title='bbox 1022 3198 1102 3263; x_wconf 91' lang='lat' dir='ltr'><strong>Nihil</strong></span> <span class='ocrx_word' id='word_1_208' title='bbox 1123 3197 1184 3262; x_wconf 89' lang='lat' dir='ltr'><strong>illic</strong></span> <span class='ocrx_word' id='word_1_209' title='bbox 1206 3199 1325 3262; x_wconf 89' lang='lat' dir='ltr'><strong>iuuenis</strong></span> <span class='ocrx_word' id='word_1_210' title='bbox 1341 3199 1398 3261; x_wconf 91' lang='lat' dir='ltr'><strong>uisi</strong></span> 
     </span>
     <span class='ocr_line' id='line_1_25' title="bbox 271 3302 1443 3387; baseline -0.003 -18"><span class='ocrx_word' id='word_1_211' title='bbox 271 3304 465 3370; x_wconf 82' lang='lat' dir='ltr'><strong>simulacrum</strong></span> <span class='ocrx_word' id='word_1_212' title='bbox 487 3303 563 3386; x_wconf 91' lang='lat' dir='ltr'><strong>quod</strong></span> <span class='ocrx_word' id='word_1_213' title='bbox 586 3302 651 3386; x_wconf 91' lang='lat' dir='ltr'><strong>ipse</strong></span> <span class='ocrx_word' id='word_1_214' title='bbox 674 3302 817 3387; x_wconf 89' lang='lat' dir='ltr'><strong>posuisti,</strong></span> <span class='ocrx_word' id='word_1_215' title='bbox 843 3303 900 3368; x_wconf 90' lang='lat' dir='ltr'><strong>nisi</strong></span> <span class='ocrx_word' id='word_1_216' title='bbox 916 3305 992 3386; x_wconf 88' lang='lat' dir='ltr'><strong>quod</strong></span> <span class='ocrx_word' id='word_1_217' title='bbox 1015 3305 1124 3367; x_wconf 90' lang='lat' dir='ltr'><strong>iterum</strong></span> <span class='ocrx_word' id='word_1_218' title='bbox 1140 3316 1192 3367; x_wconf 90' lang='lat' dir='ltr'><strong>aut</strong></span> <span class='ocrx_word' id='word_1_219' title='bbox 1206 3323 1333 3386; x_wconf 88' lang='lat' dir='ltr'><strong>quaeras</strong></span> <span class='ocrx_word' id='word_1_220' title='bbox 1349 3314 1443 3367; x_wconf 80' lang='lat' dir='ltr'><strong>auaro</strong></span> 
     </span>
     <span class='ocr_line' id='line_1_26' title="bbox 273 3408 1401 3494; baseline -0.003 -19"><span class='ocrx_word' id='word_1_221' title='bbox 273 3414 389 3494; x_wconf 84' lang='lat' dir='ltr'><strong>lugeas.</strong></span> <span class='ocrx_word' id='word_1_222' title='bbox 416 3408 532 3488; x_wconf 80' lang='lat' dir='ltr'><strong>Quaere</strong></span> <span class='ocrx_word' id='word_1_223' title='bbox 550 3409 649 3493; x_wconf 88' lang='lat' dir='ltr'><strong>potius</strong></span> <span class='ocrx_word' id='word_1_224' title='bbox 665 3429 747 3493; x_wconf 91' lang='lat' dir='ltr'><strong>spem</strong></span> <span class='ocrx_word' id='word_1_225' title='bbox 763 3408 880 3486; x_wconf 89' lang='lat' dir='ltr'><strong>salutis,</strong></span> <span class='ocrx_word' id='word_1_226' title='bbox 892 3430 1003 3492; x_wconf 90' lang='lat' dir='ltr'><strong>quaere</strong></span> <span class='ocrx_word' id='word_1_227' title='bbox 1020 3409 1176 3472; x_wconf 88' lang='lat' dir='ltr'><strong>exordium</strong></span> <span class='ocrx_word' id='word_1_228' title='bbox 1194 3409 1280 3487; x_wconf 90' lang='lat' dir='ltr'><strong>lucis,</strong></span> <span class='ocrx_word' id='word_1_229' title='bbox 1290 3429 1401 3490; x_wconf 89' lang='lat' dir='ltr'><strong>quaere</strong></span> 
     </span>
     <span class='ocr_line' id='line_1_27' title="bbox 275 3514 1402 3601; baseline -0.001 -22"><span class='ocrx_word' id='word_1_230' title='bbox 275 3519 353 3601; x_wconf 91' lang='lat' dir='ltr'><strong>quod</strong></span> <span class='ocrx_word' id='word_1_231' title='bbox 369 3527 399 3579; x_wconf 85' lang='lat' dir='ltr'><strong>te</strong></span> <span class='ocrx_word' id='word_1_232' title='bbox 414 3537 529 3578; x_wconf 89' lang='lat' dir='ltr'><strong>summo</strong></span> <span class='ocrx_word' id='word_1_233' title='bbox 546 3517 601 3578; x_wconf 93' lang='lat' dir='ltr'><strong>deo</strong></span> <span class='ocrx_word' id='word_1_234' title='bbox 618 3524 670 3578; x_wconf 90' lang='lat' dir='ltr'><strong>aut</strong></span> <span class='ocrx_word' id='word_1_235' title='bbox 684 3514 870 3578; x_wconf 86' lang='lat' dir='ltr'><strong>commendet</strong></span> <span class='ocrx_word' id='word_1_236' title='bbox 885 3527 936 3578; x_wconf 93' lang='lat' dir='ltr'><strong>aut</strong></span> <span class='ocrx_word' id='word_1_237' title='bbox 951 3514 1066 3589; x_wconf 90' lang='lat' dir='ltr'><strong>reddat,</strong></span> <span class='ocrx_word' id='word_1_238' title='bbox 1078 3526 1108 3579; x_wconf 92' lang='lat' dir='ltr'><strong>et</strong></span> <span class='ocrx_word' id='word_1_239' title='bbox 1120 3537 1186 3579; x_wconf 90' lang='lat' dir='ltr'><strong>cum</strong></span> <span class='ocrx_word' id='word_1_240' title='bbox 1204 3534 1308 3579; x_wconf 91' lang='lat' dir='ltr'><strong>ueram</strong></span> <span class='ocrx_word' id='word_1_241' title='bbox 1322 3515 1402 3578; x_wconf 90' lang='lat' dir='ltr'><strong>uiam</strong></span> 
     </span>
     <span class='ocr_line' id='line_1_28' title="bbox 276 3620 1400 3706; baseline -0.003 -20"><span class='ocrx_word' id='word_1_242' title='bbox 276 3623 382 3686; x_wconf 92' lang='lat' dir='ltr'><strong>salutis</strong></span> <span class='ocrx_word' id='word_1_243' title='bbox 399 3622 564 3700; x_wconf 88' lang='lat' dir='ltr'><strong>inueneris,</strong></span> <span class='ocrx_word' id='word_1_244' title='bbox 574 3621 670 3704; x_wconf 89' lang='lat' dir='ltr'><strong>gaude</strong></span> <span class='ocrx_word' id='word_1_245' title='bbox 682 3630 713 3683; x_wconf 89' lang='lat' dir='ltr'><strong>et</strong></span> <span class='ocrx_word' id='word_1_246' title='bbox 728 3631 798 3684; x_wconf 90' lang='lat' dir='ltr'><strong>tuuc</strong></span> <span class='ocrx_word' id='word_1_247' title='bbox 810 3631 907 3683; x_wconf 90' lang='lat' dir='ltr'><strong>erecta</strong></span> <span class='ocrx_word' id='word_1_248' title='bbox 921 3621 1069 3684; x_wconf 88' lang='lat' dir='ltr'><strong>sermonis</strong></span> <span class='ocrx_word' id='word_1_249' title='bbox 1083 3620 1221 3685; x_wconf 89' lang='lat' dir='ltr'><strong>libertate</strong></span> <span class='ocrx_word' id='word_1_250' title='bbox 1233 3620 1400 3706; x_wconf 86' lang='lat' dir='ltr'><strong>proclama:</strong></span> 
     </span>
     <span class='ocr_line' id='line_1_29' title="bbox 277 3724 1403 3816; baseline -0.002 -23"><span class='ocrx_word' id='word_1_251' title='bbox 277 3724 469 3816; x_wconf 77' lang='grc' dir='ltr'><em>εὑρήκαμεν,</em></span> <span class='ocrx_word' id='word_1_252' title='bbox 487 3726 714 3813; x_wconf 65' lang='lat' dir='ltr'><strong>conciperem,</strong></span> <span class='ocrx_word' id='word_1_253' title='bbox 732 3748 798 3790; x_wconf 88' lang='lat' dir='ltr'><strong>cum</strong></span> <span class='ocrx_word' id='word_1_254' title='bbox 814 3727 850 3790; x_wconf 89' lang='lat' dir='ltr'><strong>ab</strong></span> <span class='ocrx_word' id='word_1_255' title='bbox 865 3726 911 3790; x_wconf 89' lang='lat' dir='ltr'><strong>bis</strong></span> <span class='ocrx_word' id='word_1_256' title='bbox 928 3727 1145 3791; x_wconf 88' lang='lat' dir='ltr'><strong>calamitatibus</strong></span> <span class='ocrx_word' id='word_1_257' title='bbox 1161 3739 1228 3813; x_wconf 89' lang='lat' dir='ltr'><strong>post</strong></span> <span class='ocrx_word' id='word_1_258' title='bbox 1248 3729 1403 3813; x_wconf 87' lang='lat' dir='ltr'><strong>poeniteu-</strong></span> 
     </span>
     <span class='ocr_line' id='line_1_30' title="bbox 278 3833 1527 3920; baseline -0.002 -22"><span class='ocrx_word' id='word_1_259' title='bbox 278 3837 350 3899; x_wconf 90' lang='lat' dir='ltr'><strong>tiam</strong></span> <span class='ocrx_word' id='word_1_260' title='bbox 372 3844 452 3896; x_wconf 88' lang='lat' dir='ltr'><strong>tuam</strong></span> <span class='ocrx_word' id='word_1_261' title='bbox 477 3834 583 3898; x_wconf 88' lang='lat' dir='ltr'><strong>summi</strong></span> <span class='ocrx_word' id='word_1_262' title='bbox 606 3834 652 3898; x_wconf 91' lang='lat' dir='ltr'><strong>dei</strong></span> <span class='ocrx_word' id='word_1_263' title='bbox 676 3833 768 3896; x_wconf 79' lang='lat' dir='ltr'><strong>fueris</strong></span> <span class='ocrx_word' id='word_1_264' title='bbox 789 3833 973 3916; x_wconf 89' lang='lat' dir='ltr'><strong>indulgentia</strong></span> <span class='ocrx_word' id='word_1_265' title='bbox 1003 3833 1156 3898; x_wconf 89' lang='lat' dir='ltr'><strong>liberatus.</strong></span> <span class='ocrx_word' id='word_1_266' title='bbox 1197 3834 1330 3920; x_wconf 85' lang='lat' dir='ltr'><strong>Phryges</strong></span> <span class='ocrx_word' id='word_1_267' title='bbox 1353 3834 1527 3917; x_wconf 56' lang='lat' dir='ltr'><strong>quitatem]</strong></span> 
     </span>
     <span class='ocr_line' id='line_1_31' title="bbox 278 3938 1404 4023; baseline -0.001 -19"><span class='ocrx_word' id='word_1_268' title='bbox 278 3940 458 4004; x_wconf 88' lang='lat' dir='ltr'><strong>Pessinunta</strong></span> <span class='ocrx_word' id='word_1_269' title='bbox 473 3939 607 4003; x_wconf 88' lang='lat' dir='ltr'><strong>ineoluut</strong></span> <span class='ocrx_word' id='word_1_270' title='bbox 622 3940 701 4002; x_wconf 87' lang='lat' dir='ltr'><strong>circa</strong></span> <span class='ocrx_word' id='word_1_271' title='bbox 714 3939 789 4003; x_wconf 92' lang='lat' dir='ltr'><strong>Galli</strong></span> <span class='ocrx_word' id='word_1_272' title='bbox 806 3938 940 4003; x_wconf 69' lang='lat' dir='ltr'><strong>dominis,</strong></span> <span class='ocrx_word' id='word_1_273' title='bbox 951 3939 1032 4023; x_wconf 92' lang='lat' dir='ltr'><strong>ripas</strong></span> <span class='ocrx_word' id='word_1_274' title='bbox 1047 3951 1145 4004; x_wconf 88' lang='lat' dir='ltr'><strong>terrae</strong></span> <span class='ocrx_word' id='word_1_275' title='bbox 1161 3951 1328 4005; x_wconf 88' lang='lat' dir='ltr'><strong>ceterorum</strong></span> <span class='ocrx_word' id='word_1_276' title='bbox 1344 3942 1404 4003; x_wconf 90' lang='lat' dir='ltr'><strong>ele·</strong></span> 
     </span>
     <span class='ocr_line' id='line_1_32' title="bbox 280 4045 1407 4129; baseline -0.002 -19"><span class='ocrx_word' id='word_1_277' title='bbox 280 4057 448 4110; x_wconf 88' lang='lat' dir='ltr'><strong>mentorum</strong></span> <span class='ocrx_word' id='word_1_278' title='bbox 470 4045 605 4107; x_wconf 88' lang='lat' dir='ltr'><strong>tribuunt</strong></span> <span class='ocrx_word' id='word_1_279' title='bbox 626 4045 822 4129; x_wconf 90' lang='lat' dir='ltr'><strong>principatum</strong></span> <span class='ocrx_word' id='word_1_280' title='bbox 846 4056 876 4108; x_wconf 92' lang='lat' dir='ltr'><strong>et</strong></span> <span class='ocrx_word' id='word_1_281' title='bbox 897 4045 973 4109; x_wconf 88' lang='lat' dir='ltr'><strong>bane</strong></span> <span class='ocrx_word' id='word_1_282' title='bbox 996 4046 1100 4110; x_wconf 90' lang='lat' dir='ltr'><strong>uolunt</strong></span> <span class='ocrx_word' id='word_1_283' title='bbox 1115 4047 1245 4110; x_wconf 91' lang='lat' dir='ltr'><strong>omnium</strong></span> <span class='ocrx_word' id='word_1_284' title='bbox 1261 4067 1330 4110; x_wconf 89' lang='lat' dir='ltr'><strong>esse</strong></span> <span class='ocrx_word' id='word_1_285' title='bbox 1345 4068 1407 4108; x_wconf 92' lang='lat' dir='ltr'><strong>ma-</strong></span> 
     </span>
     <span class='ocr_line' id='line_1_33' title="bbox 282 4150 1406 4234; baseline -0.002 -19"><span class='ocrx_word' id='word_1_286' title='bbox 282 4163 368 4217; x_wconf 90' lang='lat' dir='ltr'><strong>trem.</strong></span> <span class='ocrx_word' id='word_1_287' title='bbox 401 4151 516 4215; x_wconf 85' lang='lat' dir='ltr'><strong>Deinde</strong></span> <span class='ocrx_word' id='word_1_288' title='bbox 531 4161 564 4212; x_wconf 86' lang='lat' dir='ltr'><strong>ut</strong></span> <span class='ocrx_word' id='word_1_289' title='bbox 580 4161 610 4213; x_wconf 88' lang='lat' dir='ltr'><strong>et</strong></span> <span class='ocrx_word' id='word_1_290' title='bbox 624 4150 683 4234; x_wconf 89' lang='lat' dir='ltr'><strong>ipsi</strong></span> <span class='ocrx_word' id='word_1_291' title='bbox 699 4163 828 4215; x_wconf 83' lang='lat' dir='ltr'><strong>annuum</strong></span> <span class='ocrx_word' id='word_1_292' title='bbox 845 4151 902 4214; x_wconf 89' lang='lat' dir='ltr'><strong>sibi</strong></span> <span class='ocrx_word' id='word_1_293' title='bbox 926 4173 1081 4216; x_wconf 88' lang='lat' dir='ltr'><strong>sacrorum</strong></span> <span class='ocrx_word' id='word_1_294' title='bbox 1102 4153 1237 4216; x_wconf 87' lang='lat' dir='ltr'><strong>ordinem</strong></span> <span class='ocrx_word' id='word_1_295' title='bbox 1261 4153 1406 4228; x_wconf 86' lang='lat' dir='ltr'><strong>lacerent,</strong></span> 
     </span>
     <span class='ocr_line' id='line_1_34' title="bbox 283 4256 1409 4341; baseline -0.001 -19"><span class='ocrx_word' id='word_1_296' title='bbox 283 4259 416 4324; x_wconf 89' lang='lat' dir='ltr'><strong>mulieris</strong></span> <span class='ocrx_word' id='word_1_297' title='bbox 433 4256 533 4321; x_wconf 89' lang='lat' dir='ltr'><strong>diuitis</strong></span> <span class='ocrx_word' id='word_1_298' title='bbox 549 4277 585 4319; x_wconf 88' lang='lat' dir='ltr'><strong>ae</strong></span> <span class='ocrx_word' id='word_1_299' title='bbox 600 4257 722 4340; x_wconf 89' lang='lat' dir='ltr'><strong>reginae</strong></span> <span class='ocrx_word' id='word_1_300' title='bbox 738 4278 809 4320; x_wconf 91' lang='lat' dir='ltr'><strong>suae</strong></span> <span class='ocrx_word' id='word_1_301' title='bbox 828 4278 978 4334; x_wconf 91' lang='lat' dir='ltr'><strong>amorem,</strong></span> <span class='ocrx_word' id='word_1_302' title='bbox 1004 4279 1080 4341; x_wconf 91' lang='lat' dir='ltr'><strong>quae</strong></span> <span class='ocrx_word' id='word_1_303' title='bbox 1105 4260 1199 4322; x_wconf 85' lang='lat' dir='ltr'><strong>fastus</strong></span> <span class='ocrx_word' id='word_1_304' title='bbox 1222 4256 1313 4320; x_wconf 86' lang='lat' dir='ltr'><strong>amati</strong></span> <span class='ocrx_word' id='word_1_305' title='bbox 1336 4257 1409 4321; x_wconf 90' lang='lat' dir='ltr'><strong>adu·</strong></span> 
     </span>
     <span class='ocr_line' id='line_1_35' title="bbox 285 4361 1452 4449; baseline 0 -22"><span class='ocrx_word' id='word_1_306' title='bbox 285 4365 424 4428; x_wconf 88' lang='lat' dir='ltr'><strong>lesceutis</strong></span> <span class='ocrx_word' id='word_1_307' title='bbox 447 4363 602 4449; x_wconf 86' lang='lat' dir='ltr'><strong>tyrannice</strong></span> <span class='ocrx_word' id='word_1_308' title='bbox 624 4363 722 4427; x_wconf 89' lang='lat' dir='ltr'><strong>uoluit</strong></span> <span class='ocrx_word' id='word_1_309' title='bbox 742 4361 864 4440; x_wconf 90' lang='lat' dir='ltr'><strong>ulcisci,</strong></span> <span class='ocrx_word' id='word_1_310' title='bbox 888 4385 953 4425; x_wconf 88' lang='lat' dir='ltr'><strong>eum</strong></span> <span class='ocrx_word' id='word_1_311' title='bbox 975 4364 1104 4428; x_wconf 87' lang='lat' dir='ltr'><strong>luctibus</strong></span> <span class='ocrx_word' id='word_1_312' title='bbox 1126 4363 1235 4426; x_wconf 90' lang='lat' dir='ltr'><strong>annuis</strong></span> <span class='ocrx_word' id='word_1_313' title='bbox 1251 4377 1452 4429; x_wconf 80' lang='lat' dir='ltr'><strong>consecra-20</strong></span> 
     </span>
    </p>
   </div>
   <div class='ocr_carea' id='block_1_3' title="bbox 281 4535 1413 4847">
    <p class='ocr_par' dir='ltr' id='par_1_3' title="bbox 281 4535 1413 4790">
     <span class='ocr_line' id='line_1_36' title="bbox 355 4535 1413 4602; baseline 0 -14"><span class='ocrx_word' id='word_1_314' title='bbox 355 4538 384 4588; x_wconf 93' lang='lat' dir='ltr'><strong>ll</strong></span> <span class='ocrx_word' id='word_1_315' title='bbox 405 4535 514 4602; x_wconf 87' lang='lat' dir='ltr'><strong>reliquie</strong></span> <span class='ocrx_word' id='word_1_316' title='bbox 612 4536 691 4587; x_wconf 81' lang='lat' dir='ltr'><strong>llut</strong></span> <span class='ocrx_word' id='word_1_317' title='bbox 796 4536 828 4586; x_wconf 85' lang='lat'><strong>15</strong></span> <span class='ocrx_word' id='word_1_318' title='bbox 847 4535 1005 4598; x_wconf 85' lang='lat' dir='ltr'><strong>colligunt..</strong></span> <span class='ocrx_word' id='word_1_319' title='bbox 1112 4537 1413 4589; x_wconf 75' lang='lat' dir='ltr'><strong>17reddunt200blert&#39;</strong></span> 
     </span>
     <span class='ocr_line' id='line_1_37' title="bbox 287 4620 1409 4689; baseline 0 -17"><span class='ocrx_word' id='word_1_320' title='bbox 287 4623 500 4674; x_wconf 79' lang='lat' dir='ltr'><strong>emendationem</strong></span> <span class='ocrx_word' id='word_1_321' title='bbox 520 4625 619 4689; x_wconf 79' lang='lat' dir='ltr'><strong>recepi,</strong></span> <span class='ocrx_word' id='word_1_322' title='bbox 640 4637 694 4687; x_wconf 83' lang='lat' dir='ltr'><strong>pua</strong></span> <span class='ocrx_word' id='word_1_323' title='bbox 714 4625 804 4671; x_wconf 84' lang='lat' dir='ltr'><strong>tamen</strong></span> <span class='ocrx_word' id='word_1_324' title='bbox 822 4623 925 4670; x_wconf 84' lang='lat' dir='ltr'><strong>rectior</strong></span> <span class='ocrx_word' id='word_1_325' title='bbox 937 4620 1065 4686; x_wconf 73' lang='lat' dir='ltr'><strong>fertone</strong></span> <span class='ocrx_word' id='word_1_326' title='bbox 1076 4624 1211 4675; x_wconf 73' lang='lat' dir='ltr'><strong>scribetur</strong></span> <span class='ocrx_word' id='word_1_327' title='bbox 1228 4625 1357 4676; x_wconf 70' lang='lat' dir='ltr'><strong>eonducta</strong></span> <span class='ocrx_word' id='word_1_328' title='bbox 1372 4623 1409 4689; x_wconf 79' lang='lat' dir='ltr'><strong>es.</strong></span> 
     </span>
     <span class='ocr_line' id='line_1_38' title="bbox 281 4702 1412 4790; baseline 0 -32"><span class='ocrx_word' id='word_1_329' title='bbox 281 4706 464 4771; x_wconf 81' lang='lat' dir='ltr'><strong>sot.3·,t.tt.</strong></span> <span class='ocrx_word' id='word_1_330' title='bbox 536 4707 753 4762; x_wconf 70' lang='lat' dir='ltr'><strong>tlututterum·</strong></span> <span class='ocrx_word' id='word_1_331' title='bbox 796 4702 1121 4790; x_wconf 66' lang='lat' dir='ltr'><strong>tuorn&#39;xeroptfflt</strong></span> <span class='ocrx_word' id='word_1_332' title='bbox 1190 4708 1412 4764; x_wconf 64' lang='lat' dir='ltr'><strong>introiereunt</strong></span> 
     </span>
    </p>

    <p class='ocr_par' dir='ltr' id='par_1_4' title="bbox 1168 4791 1203 4847">
     <span class='ocr_line' id='line_1_39' title="bbox 1168 4791 1203 4847; baseline 0 -30"><span class='ocrx_word' id='word_1_333' title='bbox 1168 4791 1203 4847; x_wconf 65' lang='lat'><strong>¹!</strong></span> 
     </span>
    </p>
   </div>
   <div class='ocr_carea' id='block_1_4' title="bbox 0 0 1939 5850">
    <p class='ocr_par' dir='ltr' id='par_1_5' title="bbox 0 0 1939 5850">
     <span class='ocr_line' id='line_1_40' title="bbox 0 0 1939 5850; baseline 0 0"><span class='ocrx_word' id='word_1_334' title='bbox 0 0 1939 5850; x_wconf 95' lang='lat' dir='ltr'><strong> </strong></span> 
     </span>
    </p>
   </div>
  </div>
 </body>
</html>
