3725 5850
959 646 1017 699 Vlll

426 814 594 881 Lollianum
601 814 647 895 ⁸⁴),
672 832 758 897 quem
774 816 983 900 proconsulem
999 826 1030 880 et
1045 816 1194 881 consulem
1212 815 1397 879 ordinarium
1413 814 1556 898 designa-

425 934 487 986 tum
511 918 640 1005 adpellat
663 926 707 1004 (p.
725 921 764 984 2:
791 922 991 1006 „Proconsuli
1012 924 1113 1005 itaque
1132 923 1186 987 tibi
1208 934 1239 985 et
1261 923 1377 985 consuli
1400 921 1556 985 ordinario

427 1028 582 1112 designato
598 1030 744 1113 promissa
760 1028 967 1108 reddimus“).
993 1029 1053 1091 lam
1065 1027 1222 1092 Lollianus
1237 1050 1297 1092 una
1313 1050 1379 1092 cnm
1392 1026 1556 1091 Arbetione

427 1134 531 1199 consul
547 1134 716 1199 ordinarius
737 1135 794 1198 fnit
814 1156 894 1197 anno
911 1132 993 1211 355,
1018 1154 1109 1216 quare
1125 1135 1271 1198 baronius
1287 1134 1425 1215 (annales
1441 1134 1553 1195 eccles.

426 1242 463 1305 ad
479 1262 588 1305 anunm
605 1238 680 1319 355,
698 1261 729 1302 0.
751 1240 782 1321 1)
804 1240 973 1303 matheseos
996 1239 1091 1302 libros
1114 1241 1170 1303 boc
1188 1240 1255 1322 ipso
1271 1260 1352 1302 anno
1369 1238 1418 1301 nel
1434 1260 1554 1322 praece·

426 1347 509 1411 denti
525 1347 653 1430 scriptos
670 1364 737 1408 esse
752 1356 865 1409 censet.
890 1344 949 1407 Sed
964 1345 1023 1408 iam
1039 1343 1093 1406 Pb.
1107 1343 1264 1409 Labbaeus
1280 1345 1431 1426 (chronol.
1449 1345 1551 1407 techa.

426 1452 450 1532 l,
475 1474 503 1537 p.
522 1450 578 1534 80)
602 1452 678 1513 bauo
699 1451 878 1515 senitentiam
902 1471 938 1514 eo
960 1450 1126 1534 redarguit,
1151 1451 1228 1533 quod
1244 1452 1335 1514 math.
1361 1451 1413 1514 lib.
1432 1451 1456 1526 l,
1474 1473 1502 1514 e.
1519 1452 1552 1528 4,

425 1580 455 1641 p.
477 1556 515 1619 19
537 1556 701 1640 imperator
723 1556 938 1622 Constantinus
960 1557 972 1620 Ι
998 1567 1147 1639 umquam
1175 1556 1263 1619 niuns
1289 1567 1552 1635 commemoratur,

425 1664 504 1727 unde
527 1663 659 1746 colligit,
691 1663 820 1748 scriptos
849 1684 918 1729 esse
939 1663 1110 1727 matheseos
1136 1662 1231 1726 libros
1255 1661 1556 1727 101010011101334

425 1772 498 1851 (quo
519 1790 599 1833 anuo
623 1770 741 1854 Optatio
763 1781 792 1834 et
810 1771 945 1835 Paullino
960 1791 1040 1834 coss.
1064 1770 1112 1834 die
1128 1769 1220 1832 17111.
1239 1769 1306 1832 10111
1328 1770 1404 1832 iacta
1420 1781 1467 1832 est
1482 1768 1554 1832 solis

425 1875 564 1959 eclipsis,
595 1877 681 1942 cuins
704 1888 852 1961 tamquam
874 1878 1003 1943 recentis
1025 1876 1161 1941 meminit
1181 1875 1325 1939 Firmicus
1348 1875 1400 1938 lib.
1418 1876 1449 1954 l,
1474 1897 1499 1938 c.
1519 1876 1552 1951 2,

425 2004 455 2066 p.
480 1982 514 2066 5)
543 1994 575 2046 et
594 2006 705 2048 anuum
728 1984 803 2059 337,
827 2007 884 2067 quo
907 2006 986 2048 auno
1008 1984 1172 2068 imperator
1193 1983 1406 2046 Constantinus
1427 1985 1552 2044 mortem

425 2088 511 2151 obiit.
542 2088 680 2153 Attamen
704 2100 799 2152 restat
819 2090 978 2151 difficultas
999 2090 1131 2151 maxima
1153 2109 1240 2170 quam
1258 2110 1295 2151 ne
1311 2088 1555 2151 commemorauit

426 2194 543 2273 quidem
556 2191 724 2255 Labbaeus
747 2193 824 2255 Nam
840 2192 867 2255 si
884 2193 1053 2254 matheseos
1069 2191 1162 2254 libros
1179 2203 1249 2254 aute
1265 2214 1376 2255 annum
1389 2194 1451 2256 337
1467 2194 1569 2256 abso··

426 2298 506 2359 lutos
529 2316 597 2361 esse
618 2296 796 2371 statuimus,
820 2296 989 2357 Mauortius
1011 2295 1062 2357 ille
1077 2295 1254 2374 Lollianus,
1279 2297 1327 2359 eui
1349 2296 1555 2361 inscribuntur

425 2413 478 2465 aut
492 2403 630 2465 diuersus
646 2421 714 2464 esse
736 2423 754 2463 a
775 2401 899 2464 consule
921 2399 1074 2463 ordinario
1095 2401 1166 2463 anni
1181 2398 1261 2478 355,
1286 2411 1339 2464 aut
1360 2401 1467 2482 uiginti
1491 2403 1554 2463 lere

424 2508 511 2572 annis
528 2518 597 2570 aute
613 2527 699 2589 quam
721 2505 905 2571 consulatum
927 2506 1019 2570 iniret
1042 2507 1147 2570 consul
1168 2507 1341 2590 designatus
1358 2527 1425 2570 esse
1448 2516 1553 2589 putan-

425 2616 479 2679 dus
502 2615 578 2692 erit3
610 2616 689 2696 quod
712 2625 870 2697 utrumque
894 2615 931 2678 ab
952 2613 1033 2677 omni
1060 2613 1268 2699 probabilitate
1295 2614 1384 2696 longe
1405 2623 1552 2676 remotum

425 2732 482 2785 est.
512 2721 587 2785 Nam
606 2741 701 2803 neque
717 2722 748 2786 in
766 2721 871 2785 borum
887 2732 1052 2805 temporum
1071 2722 1155 2787 lastis
1172 2722 1248 2785 alins
1263 2721 1367 2786 consul
1384 2720 1554 2783 ordinarius

423 2827 561 2892 Mauortii
577 2826 709 2889 Lolliani
725 2848 833 2891 nonren
850 2850 919 2911 prae
936 2848 969 2891 se
980 2830 1081 2890 ferens
1097 2841 1217 2913 praeter
1231 2829 1314 2893 illum
1331 2828 1380 2911 qui
1396 2849 1475 2891 anno
1491 2824 1553 2889 355

424 2935 480 2997 boo
503 2952 623 2995 munere
648 2935 767 2995 functus
794 2944 841 2995 est
867 2943 1136 3010 commemoratur,
1168 2945 1198 2996 et
1227 2955 1422 3016 quaecuuque
1445 2954 1484 2996 ex
1507 2933 1553 2994 in-

424 3039 636 3121 scriptionibus
652 3049 681 3101 et
696 3036 852 3099 Ammiano
868 3037 1047 3100 Marcellino
1063 3039 1099 3100 de
1114 3038 1238 3102 consule
1259 3038 1311 3100 illo
1328 3049 1478 3120 comperta
1502 3037 1554 3099 ha·

423 3145 526 3208 bemus
551 3165 617 3206 cum
640 3145 677 3208 iis
700 3163 776 3226 quae
792 3143 942 3206 Firmicus
958 3144 995 3205 de
1011 3143 1161 3206 Mauortin
1182 3165 1237 3206 suo
1261 3144 1412 3226 praedicat
1430 3143 1554 3226 egregie

423 3250 626 3314 consentiunt.
646 3250 791 3314 Consules
808 3259 907 3313 autem
925 3249 1034 3312 multos
1050 3270 1146 3312 annos
1161 3260 1231 3312 ante
1243 3270 1328 3331 quam
1345 3249 1552 3330 magistratum

423 3358 535 3421 inirent
556 3358 593 3422 ab
613 3359 794 3444 imperatore
818 3355 992 3439 designatos
1014 3373 1083 3418 esse
1104 3375 1201 3437 neque
1223 3374 1324 3438 perse
1340 3355 1483 3417 credibile
1506 3366 1553 3418 est

424 3485 520 3546 neque
535 3466 595 3530 ullo
612 3465 750 3549 exemplo
767 3461 942 3546 comprobari
965 3470 1075 3543 potest.
1109 3461 1212 3542 ltaque
1227 3481 1303 3522 nnus
1318 3469 1433 3522 tautum
1450 3480 1491 3522 cx
1506 3458 1552 3522 his

424 3569 645 3635 difficultatibus
673 3573 773 3635 exitus
802 3569 887 3633 nobis
916 3566 1114 3648 relinquitur,
1145 3576 1177 3628 ut
1199 3576 1365 3630 statuamus
1389 3566 1551 3629 Firmicnm

424 3675 517 3739 libros
540 3697 612 3739 suos
635 3677 768 3740 scribere
790 3676 927 3759 coepisse
953 3694 1032 3737 anno
1054 3671 1116 3737 335
1139 3669 1275 3735 1101336
1299 3682 1416 3754 etpost
1441 3671 1553 3734 duode-

423 3782 529 3865 uiginti
545 3782 662 3844 demum
678 3801 773 3843 annos
789 3780 943 3844 absolutos
963 3800 1042 3842 anno
1058 3776 1121 3842 354
1135 3779 1286 3843 Mauortio
1301 3778 1458 3851 Lolliano,
1483 3789 1553 3841 tunc

424 3887 538 3951 consuli
555 3887 707 3951 ordinario
724 3888 890 3970 designato,
916 3886 1088 3962 tradidisse,
1112 3905 1170 3966 qno
1190 3896 1323 3968 tempore
1338 3883 1413 3946 liber
1428 3894 1565 3946 octauus

424 3995 469 4073 (111
486 3994 570 4057 euius
586 4014 651 4076 cap.
672 3990 723 4071 15,
748 4014 777 4075 p.
793 3992 855 4056 221
879 3993 1025 4077 legimns:
1046 3985 1128 4054 ‘talis
1150 3991 1261 4055 nostris
1285 3990 1466 4073 temporibus
1482 3988 1552 4051 Lol·

422 4100 520 4166 lianus
530 4147 541 4181 ,
566 4100 615 4184 qui
639 4098 812 4164 seueritatis
836 4099 944 4161 merito
965 4098 1054 4162 etiam
1072 4097 1216 4161 ordinarii
1231 4097 1405 4160 consulatus
1420 4095 1551 4178 insignia

425 4218 603 4271 consecutus
632 4198 715 4287 est')
750 4214 781 4268 et
806 4205 952 4286 praelatio
979 4203 1056 4266 libro
1083 4204 1178 4288 primo
1205 4203 1368 4286 praemissa
1394 4203 1455 4268 siut
1481 4222 1552 4264 con-

493 4396 514 4458 ·)
533 4394 570 4444 Do
585 4395 631 4444 hoc
646 4395 749 4458 egregie
762 4400 792 4444 ut
804 4393 871 4443 solet
884 4392 1006 4458 exposuit
1018 4392 1143 4455 Borghesi
1163 4393 1187 4441 in
1202 4392 1313 4457 epistula
1326 4391 1359 4441 ad
1371 4390 1437 4454 hog.
1454 4389 1553 4440 Gerra·

424 4482 489 4530 sium
505 4481 574 4543 data,
589 4494 664 4545 qnam
678 4481 719 4530 hic
732 4479 827 4546 publici
841 4479 906 4529 iuris
919 4478 983 4528 lecit
995 4479 1019 4527 in
1034 4477 1177 4543 libelloqui
1190 4476 1358 4526 inscribitur:
1373 4473 1551 4525 osservazinoi

425 4566 492 4616 sulla
510 4565 649 4616 iscrizione
669 4565 791 4618 0001111111
812 4565 838 4616 di
856 4563 991 4616 hlnvorzio
1011 4561 1130 4614 Lolliano
1155 4562 1180 4610 in
1200 4560 1321 4611 Poaznoli
1347 4558 1452 4626 (Napoli
1473 4557 1552 4624 rste)

424 4669 449 4718 p.
466 4653 497 4705 11
511 4667 565 4719 sqq.
