3725 5850
1005 629 1026 693 8

355 806 389 872 ιθ·
406 806 444 872 6·]
542 811 591 873 Sic
607 820 688 887 suut,
703 809 898 875 sacratissimi
910 808 1305 892 imperatores,elemeutaa
1318 807 1442 891 perditis
1454 808 1593 872 bomini-

453 916 508 977 bus
524 926 709 979 consecrata.
741 915 799 979 Sed
814 917 909 979 adbuc
924 924 1086 998 supersunt
1109 914 1186 977 aliae
1208 913 1439 996 superstitiones
1456 936 1590 999 quarum
1698 933 1699 958 t

454 1032 572 1085 secreta
588 1021 740 1103 pandenda
756 1032 843 1085 sunt:
867 1021 968 1085 Liberi
985 1031 1015 1084 et
1029 1021 1176 1097 Liberae,
1193 1041 1270 1102 quae
1286 1021 1386 1084 omnia
1400 1021 1496 1085 sacris
1512 1042 1590 1084 seu-

414 1145 429 1194 5
456 1127 539 1191 sibus
556 1127 665 1192 uestris
681 1127 851 1210 specialiter
866 1128 1030 1191 intimanda
1045 1138 1127 1204 sunt,
1151 1137 1184 1190 ut
1205 1128 1282 1191 etin
1299 1128 1365 1191 istis
1382 1128 1517 1209 profanis
1532 1149 1586 1190 re·
1698 1109 1699 1132 ³

454 1214 614 1315 ligiouibus
630 1234 733 1323 sciatis
748 1244 860 1297 mortes
876 1252 945 1297 esse
964 1232 1116 1297 bominum
1132 1244 1334 1297 consecratas.
1367 1234 1460 1296 Liber
1480 1233 1583 1316 itaque

454 1341 532 1403 louis
550 1340 605 1402 luit
620 1339 699 1403 lilius
714 1340 795 1422 regis
811 1339 927 1407 seilicet
941 1339 1064 1403 Cretici.
1091 1340 1145 1403 llio
1161 1362 1227 1403 cum
1246 1341 1352 1403 luisset
1366 1340 1503 1402 adultera
1518 1362 1582 1403 ma-

452 1456 499 1509 tre
522 1446 697 1529 progenitus
721 1443 909 1508 nutriebatur
931 1457 1003 1531 aput
1025 1458 1138 1530 patrem
1159 1445 1324 1511 studiosius
1340 1468 1428 1525 quam
1444 1446 1579 1509 decebat.

452 1552 538 1615 onr
554 1552 632 1614 louis
649 1552 696 1614 aui
715 1552 818 1614 lunoni
836 1551 891 1615 luit
906 1572 1016 1614 nomeu
1031 1551 1200 1616 nouercalis
1216 1551 1307 1615 animi
1321 1554 1421 1615 lurore
1432 1563 1583 1615 commota

412 1676 443 1726 10
454 1660 490 1722 ad
507 1678 610 1721 necem
624 1658 747 1721 infantis
759 1658 946 1721 omnifariam
960 1659 1084 1742 parabat
1094 1658 1229 1722 insidias.
1244 1659 1441 1723 Proficiscens
1454 1678 1581 1742 peregre

453 1765 611 1849 paterquia
628 1764 849 1848 indignationes
866 1765 973 1828 tacitas
987 1765 1101 1829 sciebat
1116 1766 1233 1841 uxoris,
1244 1764 1358 1846 nequid
1370 1756 1411 1827 'ab
1426 1765 1503 1827 irata
1516 1785 1581 1828 mu·

453 1870 527 1951 liare
550 1870 616 1934 dolo
638 1870 735 1948 lieret,
758 1871 888 1948 idoneis,
912 1872 989 1935 sieut
1003 1871 1058 1934 sibi
1076 1871 1243 1948 uidebatur,
1269 1871 1441 1935 custodibus
1456 1871 1581 1934 tutelam

453 1978 580 2040 credidit
594 1977 658 2040 dlii.
691 1976 777 2039 Tunc
793 1977 868 2040 luno
883 1988 1080 2061 opportunum
1095 1978 1271 2041 insidiarum
1288 1988 1396 2041 nancta
1411 1988 1527 2060 tempus
1550 1988 1581 2039 et

453 2105 494 2147 ex
510 2083 565 2146 hoc
581 2084 687 2148 lortius
702 2082 896 2161 inflammata,
913 2084 982 2166 quia
999 2084 1190 2167 prolioiscaus
1211 2094 1296 2167 pater
1317 2094 1348 2145 et
1368 2083 1473 2147 sellam
1493 2082 1580 2165 regui

412 2209 443 2259 15
454 2211 547 2281 puero
563 2189 727 2252 tradiderat
742 2199 772 2250 et
786 2199 946 2272 sceptrum,
964 2189 1104 2253 custodes
1119 2190 1246 2273 primum
1265 2189 1417 2272 regalibus
1440 2189 1581 2273 praemiis

453 2295 686 2376 muneribusque
709 2294 851 2377 corrupit,
878 2294 984 2358 deiude
1004 2296 1152 2359 satellites
1175 2317 1246 2361 suos
1268 2296 1319 2378 qui
1342 2296 1467 2358 Titanes
1491 2316 1579 2359 uoca-

452 2400 562 2463 bantur
582 2402 612 2463 iu
633 2400 827 2463 interioribus
849 2400 952 2484 regiae
973 2401 1053 2466 locat
1073 2402 1207 2486 partibus
1225 2411 1257 2465 et
1279 2400 1448 2484 crepundiis
1462 2422 1497 2463 ac
1512 2421 1581 2485 spe-

453 2506 520 2569 culo
542 2506 663 2569 adfabre
686 2508 763 2568 lacto
788 2505 904 2570 animos
925 2508 967 2571 ita
990 2509 1121 2591 pueriles
1143 2508 1264 2586 inlexit,
1286 2518 1320 2570 ut
1341 2506 1471 2570 desertis
1487 2507 1582 2590 regiis

453 2612 572 2677 sedibus
597 2614 632 2676 ad
658 2612 831 2677 insidiarum
854 2614 949 2677 locum
977 2615 1097 2698 puerilis
1121 2614 1213 2677 animi
1236 2613 1385 2677 desiderio
1407 2614 1579 2677 duceretur.

411 2719 516 2786 nolitia
532 2721 715 2802 interceptus
731 2719 898 2783 trucidatur
912 2732 954 2797 et,
973 2732 1006 2784 ut
1021 2721 1133 2785 uullum
1151 2731 1253 2804 posset
1273 2719 1356 2782 necis
1377 2720 1506 2782 inueniri
1528 2740 1581 2783 ue-

454 2825 588 2908 stigium,
606 2825 805 2908 particulatim
823 2826 953 2888 membra
970 2827 1092 2891 concisa
1105 2827 1265 2891 satellitum
1283 2826 1340 2889 sibi
1355 2825 1458 2887 diuidit
1480 2824 1578 2889 turba.

454 2934 549 3010 Tunc,
574 2942 608 2995 ιιι
630 2931 700 2995 huic
723 2934 848 2995 facinori
871 2932 951 2995 aliud
974 2933 1087 2998 lacinus
1110 2936 1283 3010 adderetur,
1303 2933 1370 3014 quia
1387 2934 1582 2996 uehementer

454 3037 572 3122 tyranni
589 3037 750 3101 crudelitas
765 3037 939 3114 timebatur,
960 3040 1082 3104 decocta
1098 3040 1189 3104 uariis
1211 3039 1370 3123 generibus
1387 3037 1471 3121 pueri
1487 3058 1581 3099 mern-

453 3144 506 3207 bra
523 3153 714 3221 consumunt,
738 3155 771 3207 ut
786 3143 906 3208 bumani
921 3144 1077 3209 cadaueris
1092 3146 1231 3211 inauditis
1247 3145 1386 3228 usquein
1402 3144 1485 3207 illum
1502 3143 1577 3206 diem

340 3269 394 3321 Fal.
408 3270 444 3320 cn.
456 3249 550 3334 epulis
569 3253 573 3333 l
590 3260 797 3314 nascerentur.
831 3251 892 3313 Cor
909 3251 1034 3315 diuisum
1060 3252 1115 3315 sibi
1138 3273 1227 3316 soror
1246 3263 1350 3317 seruat
1371 3251 1419 3314 eui
1440 3251 1579 3314 Minerua

455 3357 511 3420 luit
526 3378 647 3434 nomeu,
666 3357 734 3439 quia
751 3367 781 3420 et
796 3357 861 3440 ipsa
875 3357 1001 3421 sceleris
1016 3358 1072 3420 luit
1095 3360 1262 3441 particeps,
1288 3368 1319 3420 et
1341 3369 1373 3420 ut
1389 3357 1576 3419 manifestum

452 3463 609 3527 delationis
633 3476 713 3527 esset
734 3464 873 3550 indicium
896 3475 927 3528 et
947 3475 980 3526 ut
1002 3463 1126 3527 baberet
1144 3465 1221 3528 unda
1235 3464 1362 3528 furentis
1379 3465 1471 3546 patris
1488 3464 1579 3543 impe-

455 3581 514 3631 tum
532 3569 694 3652 mitigaret.
726 3572 859 3635 Reuerso
876 3571 941 3633 Ioui
958 3570 1018 3633 lilia
1033 3570 1168 3633 ordinem
1183 3572 1322 3634 facinoris
1336 3571 1470 3652 exponit.
1494 3567 1579 3630 Tune

411 3688 426 3736 5
455 3686 540 3758 pater
555 3677 672 3738 funesta
685 3677 855 3740 calamitate
864 3677 956 3740 cladis
972 3688 1002 3739 et
1017 3677 1116 3740 acerbi
1132 3677 1227 3742 luctus
1244 3677 1401 3741 atrocitate
1415 3683 1580 3738 commotus

394 3789 396 3793 ’
454 3782 577 3843 Titanas
593 3780 710 3862 quidem
726 3783 810 3845 uario
826 3801 938 3865 genere
953 3783 1143 3847 excruciatos
1159 3795 1247 3847 necat
1262 3803 1317 3846 nec
1335 3782 1579 3866 praetermissum

454 3898 500 3949 est
516 3886 547 3948 iu
563 3887 674 3950 ultione
690 3887 743 3950 lilii
759 3898 811 3951 aut
826 3898 1005 3951 tormentum
1020 3889 1138 3971 aliquod
1154 3899 1207 3951 aut
1221 3909 1328 3971 poeua,
1343 3890 1397 3951 sed
1412 3909 1466 3971 per
1479 3885 1581 3948 omnia

455 4013 618 4077 poenarum
651 4013 764 4076 genera
793 3995 954 4058 bacchatus
984 4015 1086 4058 necem
1115 3995 1337 4076 qualiscumque
1364 3992 1416 4054 lilii
1447 3991 1581 4054 uindica-

454 4101 498 4163 uit
521 4099 629 4163 affectu
651 4100 766 4181 quidam
798 4099 890 4183 patris
914 4102 966 4164 sed
995 4103 1151 4186 tyrannica
1180 4108 1338 4183 potestate.
1377 4097 1480 4171 Tunc,
1511 4093 1580 4174 quia

414 4206 566 4271 10diutius
588 4217 673 4290 pater
693 4207 774 4270 ferre
796 4206 926 4290 lugentis
949 4207 1041 4270 animi
1063 4217 1212 4272 tormenta
1232 4224 1292 4268 uou
1321 4209 1438 4285 poterat
1458 4209 1487 4262 et
1510 4199 1580 4281 quia

454 4426 533 4461 ouum
545 4415 574 4460 in
586 4429 639 4476 qno
652 4429 721 4478 quaa
733 4414 967 4479 scriptosuemnt
977 4426 1092 4476 proram
1104 4411 1288 4459 uocauerunt:
1302 4405 1343 4456 od.
1356 4420 1401 4471 pr.
1415 4407 1580 4472 interposuit

454 4497 653 4562 absurditatum,
678 4499 726 4548 aad
743 4503 865 4565 spatium
884 4500 993 4550 breuius
1010 4495 1089 4546 aliud
1107 4494 1152 4542 br'e
1171 4507 1187 4541 a
1205 4507 1242 4543 an.
1261 4497 1318 4542 aet.
1337 4495 1470 4559 scriptitas
1487 4493 1580 4558 foisse

454 4587 585 4645 testatur,
596 4583 668 4646 quod
680 4585 754 4636 baud
765 4589 820 4637 acio
833 4600 869 4634 un
882 4581 1036 4647 consuerit
1048 4592 1172 4642 nugarum
1254 4578 1283 4631 ll
1298 4579 1394 4630 mulier
1481 4577 1513 4630 lb
1525 4577 1579 4628 illio

452 4669 609 4734 2sortorsa
621 4681 687 4732 quae
809 4671 823 4720 5
842 4668 930 4719 acerui
1052 4665 1068 4715 8
1086 4678 1164 4714 acces
