3725 5850
840 612 861 683 7

287 815 365 879 quae
377 806 492 859 armata
506 797 601 880 clipeo
616 797 709 860 lorica
724 807 800 860 tecta
814 797 923 879 [gladio
936 808 967 859 et
977 795 1074 877 hasta]
1085 807 1291 861 consecratur.
1310 795 1414 859 Tertia
1423 798 1481 851 ιιι.
1491 802 1528 850 5·-

286 903 378 966 etiam
393 924 462 988 pars
476 913 522 967 est
538 924 613 985 quae
633 903 665 965 in
688 902 803 985 asperis
824 903 1006 985 secretisque
1027 902 1171 965 siluarum
1192 907 1413 987 [agrorumque]

286 1011 418 1074 ferarum
437 1010 622 1091 [societatem
640 1008 887 1091 comprehendit].
918 1006 1031 1070 Vltima
1046 1029 1115 1091 pars
1137 1008 1305 1093 tripertitae
1326 1010 1414 1076 istius

287 1116 445 1180 diuisionis
467 1114 606 1179 aestimat
626 1113 778 1177 libidinum
804 1114 868 1177 uias
890 1132 966 1195 quae
993 1133 1085 1195 praua
1109 1114 1258 1179 desideria
1281 1136 1415 1199 quaeque

289 1224 437 1306 [sopores]
455 1220 623 1306 cupiditatis
637 1216 799 1300 monstra[t
812 1220 844 1282 in
861 1219 1016 1299 tenebris].
1047 1217 1117 1282 ldeo
1129 1242 1219 1303 unam
1237 1233 1349 1305 partem
1366 1244 1415 1285 ca·
1441 1241 1457 1289 5

289 1327 343 1411 piti
365 1328 534 1410 adsignant,
557 1338 590 1390 ut
605 1325 732 1391 hominis
750 1326 860 1407 [aliam]
876 1325 1090 1407 quodammodo
1108 1327 1202 1407 [renis
1217 1331 1297 1407 esse]
1314 1328 1417 1390 uiden·

287 1445 348 1497 tur.
381 1432 478 1496 Aliam
500 1433 532 1495 in
554 1433 643 1495 corde
660 1436 785 1515 [ponunt
807 1442 839 1495 ut
862 1430 984 1512 tecoris]
1002 1432 1222 1515 cogitationum
1238 1434 1416 1498 uarietatem

288 1560 361 1622 quas
383 1540 537 1623 multiplici
559 1539 725 1603 intentione
747 1538 930 1623 concipimus
953 1539 984 1602 in
1006 1540 1124 1602 modum
1146 1540 1289 1604 siluarum
1312 1551 1416 1603 tenere

289 1646 436 1709 uideatur.
466 1646 569 1709 Tertia
584 1666 652 1730 pars
669 1646 860 1712 constituitur
874 1646 905 1709 in
920 1647 1022 1709 iecore
1037 1646 1115 1709 unde
1131 1646 1219 1709 libido
1235 1646 1371 1710 nascitur
1386 1654 1416 1707 et

288 1750 434 1834 uoluptas.
467 1751 531 1814 lllic
549 1751 650 1832 [enim]
668 1751 841 1835 genitalium
865 1751 1011 1814 seminum
1029 1750 1155 1813 collecta
1175 1753 1339 1816 fecunditas
1363 1768 1459 1817 rua-10

288 1858 433 1921 toralibus
460 1858 612 1938 st[imnlis]
641 1857 821 1920 desiderium
852 1856 1022 1940 cupiditatis
1052 1855 1198 1938 exagitat.
1237 1856 1314 1936 Quid
1344 1878 1417 1943 ergo

290 1965 424 2047 perficiat
438 1963 497 2025 ista
513 1962 621 2025 diuisio
637 1962 799 2046 diligenter
814 1963 950 2045 aspicite,
975 1972 1006 2025 ιιι
1024 1962 1109 2024 lacile
1126 1973 1324 2025 commentum
1339 1965 1417 2027 ratio

288 2068 428 2133 ueritatis
450 2069 613 2153 impugnet.
646 2068 677 2131 Si
701 2068 841 2131 diuiditur
855 2068 954 2131 anima
971 2078 1001 2131 et
1023 2067 1190 2131 substantia
1207 2072 1281 2149 [sna]
1299 2069 1417 2133 diuerso

288 2176 565 2257 efficaciaesgenere
580 2184 755 2257 separatur,
781 2173 926 2238 dissoluto
943 2173 1049 2237 ordine
1065 2194 1120 2235 suo
1135 2172 1238 2255 incipit
1253 2194 1321 2239 esse
1337 2177 1415 2258 quod

289 2283 397 2347 luerat.
419 2279 508 2343 Aliud
526 2278 603 2342 enim
621 2300 705 2343 mens
722 2288 779 2356 est,
798 2280 876 2342 alind
892 2279 950 2357 ira,
968 2279 1048 2342 alind
1064 2279 1166 2342 libido.
1189 2278 1326 2343 Animam
1342 2301 1415 2365 ergo
1426 2295 1458 2345 15

289 2386 438 2472 separatio
453 2386 512 2450 istu
527 2385 664 2450 dissoluit
679 2396 710 2448 et
725 2385 837 2470 patitur
851 2386 1014 2449 maximam
1024 2405 1065 2449 ex
1078 2385 1137 2448 ista
1147 2384 1308 2469 partitione
1321 2385 1417 2448 iactu-

289 2514 365 2571 ram,
379 2513 434 2555 nec
449 2494 595 2575 integram
611 2493 657 2556 sui
673 2493 802 2577 speciem
819 2513 868 2557 res
879 2493 938 2556 ista
948 2492 1079 2557 custodit
1092 2497 1177 2574 [quae
1189 2513 1243 2574 per
1257 2496 1331 2572 tres]
1346 2513 1417 2554 eon-

289 2600 397 2663 trarias
412 2609 552 2682 separata
567 2598 710 2662 diuiditur
723 2610 765 2676 et,
789 2610 824 2663 ut
837 2619 943 2662 uerum
959 2600 1064 2675 dicam,
1084 2598 1118 2661 lit
1132 2619 1174 2661 ex
1188 2598 1251 2681 ipsa
1268 2597 1416 2661 diuisione

289 2706 434 2769 mortalis.
464 2706 583 2769 Etenim
598 2704 675 2787 quod
692 2714 791 2787 potest
806 2703 897 2769 diuidi
914 2726 1022 2789 corpus
1037 2716 1095 2783 est,
1114 2705 1206 2789 [qnod
1228 2715 1327 2767 autem
1349 2725 1416 2768 cor-

291 2832 345 2895 pus
363 2821 410 2874 est
424 2814 560 2891 neces]se
583 2818 630 2873 est
651 2830 719 2873 esse
741 2810 884 2873 mortale:
917 2833 990 2895 ergo
1011 2810 1038 2874 si
1055 2811 1165 2893 [anima
1181 2811 1323 2874 diuiditur
1337 2814 1460 2891 cor]-20

290 2939 346 3000 pos
362 2928 419 2980 est.
453 2916 484 2980 Si
501 2937 608 2999 corpus
625 2926 672 2978 est
687 2935 811 2981 necesse
826 2929 873 2980 est
887 2917 927 2982 sit
944 2921 1004 2999 [res
1020 2917 1085 3003 ipsa
1099 2916 1258 2998 mor]talis.
1285 2918 1416 3002 Egregia

291 3023 404 3086 erroris
425 3023 513 3086 istius
528 3043 563 3085 ac
579 3025 733 3106 praeclara
749 3023 929 3088 comitantia.
958 3024 1123 3088 Maximum
1140 3024 1227 3089 nobis
1242 3023 1417 3089 beneficium

291 3129 420 3209 [exista
441 3127 668 3212 consequentia]
700 3131 870 3193 confertur:
895 3131 1070 3195 commentis
1100 3131 1226 3195 istarum
1248 3135 1416 3215 [nugarum]

290 3235 403 3298 animas
420 3235 525 3298 uolunt
540 3237 544 3308 l
559 3255 625 3299 esse
641 3235 787 3298 mortalis·
1426 3253 1482 3305 ιὀι.
1492 3252 1530 3306 5¹³.

356 3440 368 3491 1
389 3437 478 3490 Verba
497 3455 563 3507 quae
583 3457 667 3508 reaque
687 3442 723 3494 ad
741 3448 811 3492 tecta
830 3445 956 3492 restituit
975 3439 1056 3491 maa.¹
1070 3455 1136 3505 rec,
1157 3440 1293 3490 rectoribus
1313 3439 1418 3490 littorio

290 3526 403 3577 doletis:
423 3525 508 3589 gladio
529 3535 554 3576 et
572 3527 645 3577 hasta
665 3532 844 3591 emarcuerunt,
865 3526 974 3577 addidit
992 3526 1034 3576 ed.
1051 3541 1098 3592 ρι.
1118 3551 1152 3562 -
1168 3541 1220 3591 pro
1238 3541 1268 3576 eo
1288 3525 1360 3591 quod
1377 3531 1422 3576 eut

291 3611 367 3662 tortio
379 3610 581 3662 rescribendum
593 3613 705 3664 uidetur
717 3615 803 3666 altera
907 3613 923 3662 2
942 3622 1116 3678 agrorumque
1129 3614 1255 3661 euanuit.-
1273 3609 1417 3675 *agrorum

289 3699 574 3746 restituitmocusreo.
583 3725 615 3735 -
626 3700 753 3750 societate
766 3698 912 3766 comphddit
924 3713 997 3748 moa.
1007 3713 1061 3748 rec.
1071 3697 1165 3747 doletis
1178 3699 1213 3747 iic
1225 3712 1294 3761 quae
1305 3713 1322 3747 a
1335 3714 1416 3748 monn

291 3787 346 3832 net.
361 3783 466 3846 scriptu
479 3787 565 3833 erant.
678 3787 691 3836 5
706 3793 716 3835 t
729 3785 754 3835 in
768 3784 884 3835 tenebris
897 3789 1076 3846 evanuerunt,
1090 3786 1213 3834 restituit
1224 3798 1298 3833 maa.
1313 3798 1367 3833 ree.
1382 3810 1416 3820 -

290 3867 399 3928 capitis:
413 3882 484 3918 mon.
496 3883 548 3919 roo.
558 3873 621 3919 unte
634 3870 684 3920 doe
696 3871 806 3921 uerbum
821 3873 850 3919 ιἰι
862 3872 986 3935 margine
998 3870 1108 3921 addidit
1119 3869 1204 3935 sopori
1297 3869 1313 3920 6
1326 3869 1414 3932 aliam,

289 3957 318 4001 et
334 3953 405 4003 renis
425 3968 483 4004 esse
495 3969 568 4005 man.
582 3970 635 4007 roc.
651 3959 767 4007 uetustis
780 3957 883 4007 litteris
895 3955 1005 4006 deletis:
1026 3954 1067 4005 ed.
1079 3969 1123 4020 ρι.
1145 3955 1210 4004 iram
1230 3953 1415 4018 quodammodo

290 4037 412 4088 denotare
432 4037 562 4089 uidentur.
686 4041 714 4106 7)
733 4049 831 4107 ponunt
850 4047 879 4090 nt
898 4041 995 4092 tecoris
1013 4041 1117 4103 (uoluit
1134 4040 1241 4101 iecoris)
1261 4052 1334 4087 mon.
1348 4052 1414 4101 roc„

289 4125 405 4174 ιιιιιιιιιι
419 4123 521 4175 littorio
534 4125 648 4178 dedetis:
667 4133 784 4177 statuunt
798 4134 827 4175 ιιι
840 4126 1004 4178 diuersarum
1017 4128 1058 4178 ed.
1070 4141 1116 4192 pr.
1228 4124 1260 4175 10
1273 4122 1339 4172 enim
1354 4138 1416 4171 ona-

289 4211 359 4272 nuit,
374 4212 498 4261 restituit
512 4210 553 4261 ed.
563 4227 623 4276 ρι.,·
642 4211 680 4262 itui
691 4227 766 4262 man.
780 4227 835 4264 rec.
938 4213 967 4265 ll
988 4210 1101 4262 stimolis
1115 4211 1230 4260 euanuit
1239 4206 1341 4258 relictis
1354 4213 1416 4256 tort-

292 4299 346 4344 ιιιιιι
360 4294 463 4345 litteris
475 4302 510 4346 st:
524 4297 637 4348 surculis
650 4313 723 4348 man.
738 4311 793 4348 roo.
888 4297 919 4349 13
933 4299 1114 4359 serenaverit,
1129 4296 1254 4344 restituit
1265 4308 1337 4345 mon.
1349 4308 1416 4344 rec..-

290 4377 346 4429 eius
359 4379 401 4430 ed.
414 4396 458 4444 pr.
531 4381 573 4446 tt)
584 4387 651 4447 post
661 4391 801 4450 separatur
812 4398 947 4434 mameae.
956 4387 984 4434 ιἰι
997 4395 1087 4446 marg.
1101 4379 1166 4430 add.
1181 4385 1217 4429 et.
1292 4381 1336 4446 17)
1350 4396 1416 4446 quoe

289 4479 333 4528 per
345 4471 399 4516 tres
413 4473 598 4518 evanuerunt.-
612 4483 674 4519 mun
687 4484 741 4519 rec.
755 4484 804 4535 quo
817 4476 886 4537 ptos.
1014 4466 1114 4522 te-eu
1133 4462 1166 4531 []
1180 4473 1361 4529 evanuerunt,
1376 4483 1417 4518 ro·

285 4553 380 4600 stituit
390 4551 432 4604 ed.
443 4568 489 4620 pr.
503 4579 539 4590 -
552 4551 584 4619 []
598 4560 781 4619 uocauerunt,
794 4559 858 4606 rest.
867 4554 908 4605 ed.
921 4568 967 4619 pr.
1065 4551 1094 4607 2¹
1113 4549 1140 4616 []
1154 4558 1334 4618 evanuerunt,
1347 4557 1414 4624 rest.

289 4634 328 4686 ed.
340 4650 387 4701 pr.
500 4637 533 4691 23
553 4636 779 4705 []ouonueruat,
794 4644 861 4690 root.
876 4638 917 4690 ed.
927 4652 973 4705 pr.
988 4666 1021 4676 —
1037 4645 1103 4706 pout
1114 4641 1223 4693 istorum
1236 4642 1356 4705 spatium
1368 4651 1417 4686 ua-
