3725 5850
985 640 1033 713 bl

445 826 559 890 ueritas
580 826 612 888 iu
632 826 694 889 uita
717 826 842 889 luceret.
876 824 956 887 llaec
977 825 1056 887 euim
1077 823 1175 887 omnia
1196 844 1263 886 cnm
1279 834 1382 886 esseut
1397 824 1474 886 mele
1489 846 1576 887 com-

445 931 540 1014 posita
556 932 666 995 terrori
682 933 807 1015 primum
824 932 907 993 luere
923 928 1110 1007 mortalibus,
1129 928 1234 993 dehinc
1250 941 1422 1011 consumpta
1437 932 1577 994 nouitate

444 1039 528 1119 quasi
552 1060 591 1101 ex
613 1040 702 1120 longa
718 1037 903 1120 aegritudine
919 1034 1196 1099 conualeseeotibus
1219 1035 1388 1099 hominibus
1409 1046 1499 1099 natus
1525 1049 1577 1101 est

445 1143 561 1225 quidam
584 1164 625 1207 ex
648 1142 846 1207 admiratione
869 1152 1067 1224 contemptus.
1100 1140 1149 1203 Sic
1173 1141 1311 1223 paulatim
1333 1141 1411 1224 qnod
1432 1143 1576 1225 stupebat

403 1250 560 1312 tenuimus
576 1270 666 1313 ausus
682 1259 729 1311 est
744 1248 903 1332 diligenter
916 1246 1072 1328 inquirere
1087 1258 1117 1310 et
1132 1247 1232 1311 statim
1247 1246 1279 1309 io
1302 1268 1413 1310 arcana
1434 1248 1572 1313 fictarum

443 1374 478 1417 ac
494 1375 638 1418 uenarum
655 1353 899 1438 superstitionum
916 1373 1011 1435 sagax
1026 1353 1107 1415 misit
1125 1351 1290 1435 ingenium.
1321 1352 1406 1417 Tunc
1427 1374 1469 1416 ex
1490 1357 1572 1419 assi·

443 1462 509 1524 duis
532 1460 708 1523 tractatibus
730 1458 885 1522 latentium
909 1457 1027 1521 ratione
1048 1458 1173 1521 colleeta
1195 1458 1334 1541 peruenit
1354 1460 1390 1520 ad
1413 1480 1521 1524 causas
1539 1471 1573 1523 ut

445 1567 634 1648 profanarum
650 1565 829 1649 religionum
845 1565 1014 1628 miseranda
1032 1574 1198 1627 commenta
1215 1564 1373 1628 humanum
1389 1584 1485 1647 genus
1507 1567 1571 1649 pri-

331 1680 363 1745 [c.
381 1681 432 1746 to]
443 1693 521 1734 mum
538 1672 679 1747 disceret,
697 1672 803 1734 deiude
820 1680 1055 1754 contempneret,
1072 1671 1161 1734 tertio
1177 1681 1344 1734 recusaret.
1377 1672 1467 1735 Libet
1488 1694 1572 1737 nuuc

401 1791 432 1841 15
442 1776 606 1860 explanare
618 1778 723 1858 quibus
738 1799 772 1842 se
781 1779 875 1863 siguis
885 1779 935 1841 uel
946 1776 1051 1859 quibus
1063 1776 1205 1860 symbolis
1220 1775 1252 1840 in
1263 1777 1335 1860 ipsis
1346 1779 1571 1860 superstitioni-

441 1885 496 1946 bus
518 1884 687 1949 miseranda
710 1884 859 1948 bominum
881 1882 968 1947 turba
988 1894 1159 1966 eognoscat.
1204 1882 1321 1947 llabent
1341 1884 1421 1946 enim
1446 1888 1571 1968 propria

442 1991 540 2073 signa,
563 1992 683 2074 propria
706 2010 851 2074 responsa
866 2011 942 2072 quae
962 1989 1023 2053 illis
1042 1990 1074 2051 in
1088 1989 1214 2051 istorum
1230 1989 1457 2073 sacrilegiorum
1473 1991 1570 2053 coeti-

441 2096 496 2160 bus
512 2096 621 2159 diaboli
637 2096 758 2160 tradidit
773 2097 940 2179 disciplina.
965 2096 998 2158 ln
1014 2095 1140 2177 quodam
1156 2094 1266 2178 templo
1281 2104 1315 2157 nt
1327 2094 1358 2157 in
1370 2095 1567 2161 interioribus

441 2200 572 2285 partibus
591 2201 678 2264 bomo
700 2201 877 2265 introituros
899 2200 996 2284 possit
1009 2201 1126 2263 admitti
1142 2200 1233 2265 dicit:
1254 2194 1305 2262 ‘de
1320 2212 1461 2285 tympano
1483 2224 1567 2267 man-

401 2308 561 2384 toduoani,
572 2307 608 2369 de
620 2308 754 2391 cymbalo
769 2306 830 2370 bibi
845 2317 876 2369 et
889 2306 1047 2390 religionis
1063 2318 1178 2371 secreta
1194 2299 1347 2391 perdidici’
1363 2310 1442 2389 quod
1457 2329 1566 2390 graeco

441 2432 581 2475 sermone
597 2414 724 2476 dicitnr:
749 2409 785 2477 ἐκ
799 2409 972 2496 τυμπάνου
987 2408 1151 2496 βέβρωκα,
1173 2409 1210 2476 ἐκ
1224 2408 1393 2495 κυμβάλου
1409 2411 1565 2495 winwed,

440 2514 555 2603 γέγονα
577 2515 701 2607 μύστης
713 2511 865 2596 birreos.
895 2520 986 2598 Male,
1008 2519 1214 2596 miserhomo,
1232 2520 1269 2581 de
1283 2519 1414 2584 admisso
1430 2521 1567 2585 facinore

439 2628 608 2690 confiteris:
634 2628 807 2710 pestiferum
831 2626 940 2689 ueneni
961 2626 1044 2689 uiros
1067 2624 1194 2689 hausisti
1214 2637 1246 2687 et
1265 2626 1370 2689 nefarii
1393 2627 1502 2689 luroris
1518 2630 1566 2690 iu-

314 2733 551 2803 Fot.17b.stiuctu
564 2732 654 2797 letale
671 2731 675 2817 Ι
692 2734 829 2817 poculum
841 2731 970 2796 lambisti
982 2757 990 2793 s
1004 2731 1101 2794 cibum
1111 2731 1201 2795 istum
1210 2753 1292 2795 mors
1303 2732 1566 2817 sequitursemper

440 2848 470 2898 et
486 2857 593 2920 poena,
611 2837 666 2901 hoc
682 2840 759 2921 quod
775 2838 885 2903 bibisse
902 2850 930 2900 te
947 2836 1102 2921 praedicas
1118 2838 1238 2901 nimlem
1261 2858 1366 2901 uenam
1388 2839 1510 2923 stringit
1531 2841 1564 2903 iu

438 2954 565 3006 mortem
589 2957 619 3006 et
640 2947 728 3008 sedes
749 2945 867 3007 animae
894 2944 1076 3007 contaminat
1103 2955 1133 3006 et
1163 2944 1308 3007 malornm
1338 2946 1564 3009 continuatione

439 3051 607 3114 conturbat.
638 3048 725 3114 Alius
740 3061 788 3113 cst
802 3050 885 3113 cibus
900 3050 950 3132 qui
965 3050 1092 3113 salutem
1107 3050 1236 3133 largitur
1250 3062 1282 3114 et
1302 3049 1405 3127 uitam,
1426 3052 1502 3115 alius
1517 3064 1566 3116 est

397 3176 413 3224 5
439 3155 522 3219 eibos
539 3156 588 3238 qui
605 3157 751 3219 homiuem
768 3177 884 3220 summo
900 3156 956 3218 deo
973 3165 1004 3218 et
1024 3157 1212 3220 commendat
1232 3167 1264 3219 et
1282 3154 1391 3233 reddit,
1418 3157 1494 3222 alios
1514 3170 1563 3222 est

437 3261 520 3325 cibus
536 3262 584 3344 qui
607 3263 785 3347 languentes
806 3262 933 3339 releuat,
961 3272 1098 3325 errantes
1114 3273 1248 3338 reuocat,
1272 3261 1371 3346 lapsos
1388 3264 1488 3348 erigit,
1512 3264 1562 3347 qni

436 3367 633 3432 morientibus
648 3381 789 3436 aeternae
805 3366 1030 3432 inmortalitatis
1052 3368 1179 3450 largitur
1200 3368 1342 3452 iusignia.
1375 3369 1488 3434 Christi
1512 3392 1562 3454 pa·

435 3496 513 3548 nem,
530 3475 642 3540 Christi
658 3477 794 3560 poculum
811 3493 921 3558 quaere
937 3485 971 3536 nt
985 3485 1104 3538 terrena
1125 3474 1287 3557 fragilitate
1302 3485 1472 3559 contempta
1491 3477 1561 3541 sub-

436 3583 546 3644 stantia
569 3583 696 3644 hominis
719 3581 870 3646 inmortali
890 3581 998 3664 pabulo
1019 3582 1185 3665 saginetur.
1231 3581 1304 3660 Quis
1326 3592 1373 3644 est
1392 3593 1491 3646 autem
1514 3583 1562 3646 bio

396 3706 426 3754 10
437 3687 521 3768 panis
537 3687 586 3748 nel
601 3687 678 3767 quod
693 3668 832 3769 poculum
846 3688 882 3749 de
897 3709 955 3768 quo
970 3689 1002 3748 in
1019 3686 1102 3750 libris
1113 3686 1282 3751 Salomonis
1293 3689 1438 3772 snpientia
1453 3712 1559 3772 magna

339 3810 410 3876 [Pro-
436 3812 511 3854 uoce
527 3790 710 3873 proclamat?
730 3792 773 3854 ait
788 3793 884 3855 euim:
905 3789 1033 3870 ‘uenite,
1057 3794 1232 3857 manducate
1247 3794 1284 3855 de
1299 3794 1374 3858 meis
1390 3795 1515 3877 panibus
1530 3807 1562 3859 et

334 3881 407 4000 ξω·
435 3896 525 3960 bibite
542 3897 642 3960 uiuum
658 3899 735 3978 quod
751 3889 890 3976 miscui'3
908 3908 940 3960 et
953 3897 1170 3962 Melchisedech
1186 3918 1244 3961 rex
1259 3899 1357 3963 Salem
1374 3912 1404 3963 et
1418 3904 1559 3965 sacerdos

354 3987 360 4012 ’
389 3987 394 3997 ’
437 4003 543 4069 summi
560 4003 606 4065 dei
621 4004 786 4066 reuertenti
802 4003 939 4067 Abrahae
953 4025 1018 4068 cum
1035 4025 1109 4088 pane
1127 4015 1158 4068 et
1178 4005 1250 4068 nino
1270 4005 1487 4071 benedictionis
1507 4028 1559 4091 op-

437 4111 504 4175 tulit
518 4111 657 4196 gratiam.
690 4109 774 4172 lsaae
790 4110 877 4174 etiam
894 4130 959 4173 cnm
976 4110 1063 4174 laoob
1077 4111 1295 4188 benedixisset,
1322 4132 1388 4174 cum
1404 4115 1460 4176 boc
1481 4113 1558 4176 idem

393 4236 425 4284 15
436 4219 517 4281 Esau
533 4239 549 4278 a
567 4228 652 4300 patre
667 4215 840 4299 suppliciter
855 4216 1003 4298 exigeret,
1027 4217 1183 4302 respondit
1198 4217 1224 4280 ei
1246 4226 1349 4300 patere
1370 4211 1558 4296 ‘dominnm’,

315 4323 541 4461 {2⁹33⁸]i¹¹l¹¹i²2
561 4318 658 4388 ‘illum
675 4323 732 4386 feei
747 4333 830 4386 tuum
848 4334 878 4388 et
893 4343 997 4387 omnes
1019 4325 1128 4388 iratres
1149 4323 1214 4387 eins
1236 4322 1292 4386 feei
1315 4341 1434 4402 seruos,
1459 4325 1558 4388 tritico

352 4430 359 4457 ‚
403 4430 409 4445 .

502 4494 517 4544 b
531 4493 630 4543 ueritas
642 4495 667 4544 io
681 4496 735 4545 uita
747 4497 932 4561 praecessere
944 4499 1124 4545 evanuerunt.
1205 4495 1237 4545 10
1250 4495 1395 4560 inquireret
1465 4497 1494 4548 ll
1510 4497 1557 4547 bae

434 4579 465 4631 17
478 4577 578 4628 cetibus
673 4580 703 4630 ttt
716 4579 878 4633 *morituros
975 4579 983 4628 l
1001 4577 1094 4628 lambis
1194 4580 1319 4629 bromme
1418 4581 1433 4632 ll
1449 4581 1556 4632 nominis

434 4666 465 4717 15
484 4665 595 4714 ederet.

1678 259 1701 688 l

1705 995 1724 1373 t

1717 1420 1724 1775 t

1707 2746 1724 3307 l

1714 3744 1722 4205 l

1704 4208 1718 4248 0

1705 4448 1720 4500 d
